3360 5188
751 462 942 525 -4..

358 649 485 731 Quodsi
497 650 583 716 hanc
595 651 756 735 imprimis
770 651 994 737 quaestionem
1004 649 1212 715 tractandam
1228 652 1442 736 susceperim,

254 762 313 826 vix
336 771 416 848 puto
440 761 613 847 quisquam
635 760 816 844 mirabitur,
846 762 902 847 qui
931 783 1029 847 quam
1052 783 1169 826 manca
1192 760 1309 826 harum
1330 784 1439 828 rerum
1499 769 1502 774 “

255 875 297 937 sit
309 859 434 938 notitia'
448 872 656 938 intellexerit.
679 873 735 938 Ex
758 895 821 958 quo
845 873 932 937 enim
946 873 1001 937 Fr.
1018 871 1302 957 Umpfenbachius
1325 872 1444 939 editio

254 1006 329 1048 nem
351 983 386 1047 P.
410 984 545 1049 Terenti
568 991 730 1068 apparatu
760 984 873 1049 critico
898 992 1056 1070 quantum
1079 986 1160 1049 satis
1189 985 1382 1049 instructam
1406 985 1443 1048 in

252 1095 359 1161 lucem
385 1095 502 1172 emisit,
532 1117 599 1159 non
622 1095 754 1160 defuere
783 1097 838 1180 qui
868 1096 973 1179 copiis
1002 1094 1044 1160 ab
1074 1095 1129 1160 illo
1154 1095 1373 1181 suppeditatis
1397 1095 1444 1160 ad

254 1217 372 1292 poetae
387 1207 491 1273 verba
507 1206 712 1272 emendanda
733 1205 823 1271 haud
838 1207 959 1271 frustra
974 1215 1158 1273 uterentur:
1182 1205 1240 1273 sed
1256 1206 1444 1291 singulares

254 1321 473 1405 quaestiones,
513 1318 631 1404 quibus
666 1319 706 1384 de
734 1320 935 1405 proprietate
965 1323 1125 1385 sermonis
1147 1320 1335 1386 Terentiani
1364 1341 1441 1386 cum

252 1431 361 1496 Plauti
385 1429 515 1496 dicendi
538 1450 656 1513 genere
679 1432 861 1515 comparati
885 1439 1045 1514 ageretur,
1079 1431 1147 1497 fere
1171 1433 1301 1496 omnino
1326 1431 1443 1497 deesse

246 1551 451 1628 'conquestus
467 1551 517 1607 est
530 1543 617 1607 inter
631 1541 714 1606 elios
730 1542 833 1626 Leop.
853 1541 944 1607 Arm.
961 1541 1137 1607 Fischerus
1159 1544 1193 1607 in
1209 1542 1442 1609 dissertatione

265 1654 317 1718 De
345 1655 498 1720 Terentio
533 1655 679 1740 priorum
707 1656 908 1720 comicorum
936 1655 1113 1721 latinorum
1144 1655 1303 1741 imprimis
1331 1654 1441 1720 Plauti

255 1775 417 1832 sectatore
440 1767 649 1852 quaestiones
672 1763 820 1832 selectae'
856 1763 946 1849 (Hal.
971 1753 1050 1832 Sax.
1078 1763 1173 1852 1875)
1205 1791 1237 1854 p.
1260 1764 1303 1830 40
1333 1789 1440 1852 neque

254 1888 365 1942 tamen
388 1879 460 1964 ipse
489 1879 665 1964 quicquam
688 1878 826 1943 contulit
854 1879 899 1944 ad
926 1902 995 1944 rem
1025 1878 1243 1944 enodandam.
1279 1879 1442 1961 Quamvis

255 1992 342 2054 enim
371 1981 497 2075 paucas
526 1989 702 2056 verborum
730 1991 853 2056 formas
882 2000 1030 2057 vetustas
1059 1991 1188 2057 fabulas
1211 1992 1442 2074 Terentianas,

254 2124 328 2168 cum
341 2102 374 2166 in
381 2102 489 2167 Plauti
502 2102 680 2167 comoediis
693 2124 766 2168 esse
778 2103 934 2188 plurimes
943 2114 1199 2170 consentaneum
1212 2106 1264 2188 sit,
1281 2103 1445 2190 praebere

254 2203 285 2300 p'.
309 2213 349 2278 51
368 2201 558 2299 contendat,
582 2223 694 2282 tamen
710 2214 820 2300 quoad
834 2223 947 2300 pateat
961 2215 1014 2280 hic
1031 2239 1120 2300 usus,
1144 2216 1195 2282 his
1210 2215 1315 2282 tribus
1331 2215 1441 2280 verbis

254 2325 420 2392 indicasse
443 2328 523 2392 satis
553 2325 669 2392 hebet:
695 2323 813 2412 ‘ipsus
846 2326 949 2410 duint,
981 2324 1183 2394 tetulissem'.
1225 2327 1338 2414 Neque
1361 2350 1444 2392 vero

255 2440 488 2523 quaestionem,
520 2460 619 2523 quam
648 2460 760 2503 sumus
790 2439 979 2519 institutori,
1003 2441 1082 2506 satis
1116 2438 1445 2516 sublevatAlbertus

253 2549 505 2636 Roenspiessius
534 2547 764 2614 dissertatione
792 2550 923 2614 lenensi
948 2545 1015 2616 ‘De
1046 2552 1285 2636 coniugationis
1317 2551 1441 2616 latinae

255 2661 367 2727 formis
390 2649 484 2747 apud
502 2662 691 2726 Terentium
714 2685 891 2749 earumque
907 2659 1038 2748 origine'
1064 2665 1188 2730 inserta
1205 2665 1444 2750 programmati

255 2769 359 2837 Oulm.
385 2771 477 2839 1873.
501 2772 547 2839 Ut
569 2775 655 2838 enim
672 2777 820 2840 omittam
842 2774 911 2839 fere
933 2774 1227 2840 innumerabilibus
1250 2774 1444 2862 typothetae

255 2884 420 2951 erroribus
452 2887 486 2951 in
509 2885 693 2951 indicandis
728 2895 860 2952 actuum
895 2909 1087 2952 scaenarum
1116 2909 1270 2952 versuum
1298 2889 1445 2952 numeris

254 2996 356 3062 libelli
379 3020 476 3062 usum
498 2997 659 3083 impediri,
691 2987 789 3064 etiam
813 2999 1005 3083 scriptorem
1027 2999 1193 3064 maximae
1215 2998 1445 3083 neglegentiae

256 3130 452 3174 accusemus
473 3131 609 3174 necesse
632 3118 692 3193 est,
715 3111 771 3195 qui
793 3109 884 3175 locos
901 3131 1005 3195 neque
1028 3119 1183 3176 accurate
1204 3131 1311 3197 neque
1327 3132 1442 3178 omnes

258 3222 512 3303 enumeraverit,
551 3221 597 3285 ita
633 3229 670 3284 ut
708 3219 811 3285 libelli
844 3220 968 3286 utilitas
1005 3221 1100 3286 nobis
1134 3221 1202 3286 fere
1238 3220 1329 3286 nulla
1367 3243 1445 3287 esss-

140 3321 142 3326 ’
256 3323 420 3398 videatur.
442 3331 493 3396 Ac
515 3333 611 3419 primi
636 3332 668 3395 in
690 3354 768 3414 rem,
805 3332 845 3398 de
869 3356 935 3420 qua
968 3355 1065 3418 agere
1098 3335 1131 3398 in
1166 3334 1274 3398 animo
1307 3341 1367 3416 est,
1396 3333 1442 3396 in·

258 3447 425 3531 quirentes
450 3439 648 3509 Conradtius
669 3435 704 3508 in
720 3444 864 3511 Hermae
879 3445 943 3511 vol.
960 3447 994 3510 X
1011 3441 1073 3508 100
1089 3467 1176 3532 sqq:
1196 3441 1319 3512 ‘Ueber
1335 3446 1445 3528 einige

257 3551 635 3644 Eigenthtimlichkeiten
659 3554 716 3621 des
732 3556 983 3623 Versschlusses
999 3557 1052 3623 bei
1068 3552 1201 3622 Terena'
1228 3565 1260 3621 et
1283 3554 1322 3620 Ο.
1340 3555 1441 3621 Schu-

257 3667 368 3733 bertus
385 3669 423 3739 in,
435 3689 544 3754 progr.
557 3665 681 3733 Vimar.
696 3664 999 3752 1878:‘Symb01ae
1015 3668 1059 3733 ad
1069 3668 1258 3734 Terentium
1270 3667 1446 3734 emendan-

257 3775 340 3844 dum'
377 3802 410 3865 p.
447 3777 486 3842 15
521 3800 591 3866 sqq.
615 3779 805 3846 Terentium
836 3781 1010 3845 nonnullas
1044 3779 1283 3846 vocabulorum
1316 3779 1445 3845 formas

256 3899 403 3956 vetustas
426 3891 459 3956 in
482 3893 579 3956 certis
595 3915 747 3957 versuum
772 3892 904 3959 sedibus
928 3892 1117 3959 adhibuisse
1137 3892 1444 3958 demonstraverunt

256 4025 360 4090 neque
381 4025 459 4069 vero
489 4025 695 4091 quemquam
716 4005 845 4071 illorum
880 4004 988 4071 studia
1022 4005 1264 4088 redintegrasse
1298 4003 1445 4070 memini.

255 4115 327 4180 Iam
350 4117 377 4180 si
400 4113 495 4181 addis
519 4139 568 4200 ea,
599 4140 684 4204 quae
707 4117 748 4182 de
778 4140 844 4183 una
867 4117 1014 4183 alterave
1036 4140 1071 4182 re
1094 4117 1192 4183 modo
1224 4125 1276 4182 sat
1297 4115 1442 4182 breviter

255 4226 353 4293 modo
389 4225 500 4311 paullo
535 4227 662 4315 plenius
698 4230 876 4295 attulerunt
908 4232 941 4308 ii,
976 4230 1031 4315 qui
1064 4228 1195 4294 fabulas
1224 4228 1441 4294 Terentianus

255 4342 500 4406 commentariis
530 4340 784 4425 illustraverunt,
814 4343 899 4406 inter
922 4363 1004 4427 quos
1037 4343 1071 4405 in
1101 4341 1213 4426 primis
1248 4337 1445 4405 nominandi

187 4470 192 4480 ’
256 4462 330 4518 sunt
364 4450 400 4519 O.
434 4453 601 4520 Dziatzko
637 4463 669 4519 et
698 4454 738 4519 A.
768 4452 973 4540 Spengelius,
1006 4451 1109 4520 habes
1143 4450 1301 4538 quidquid
1336 4472 1445 4536 usque
