3360 5188
663 489 875 555 ..53-

177 689 219 752 sit
241 686 461 750 imminutum:
478 683 554 748 lieet
568 691 662 746 utere
676 676 822 766 utroque'
841 689 873 744 et
886 678 945 744 ib.:
958 676 1066 766 ‘quasi
1081 700 1159 744 vero
1175 682 1361 746 nesciamus

175 801 208 862 in
242 797 305 862 hoe
337 818 455 880 genere
489 805 522 860 et
555 794 688 880 plenum
722 790 860 856 verbum
892 800 981 856 reete
1012 791 1076 855 diei
1103 800 1135 856 et
1156 792 1362 857 imminutum

177 905 315 974 usitate?

277 1045 307 1108 2.
346 1045 487 1110 Formae
523 1045 686 1108 eoniunet.
710 1063 817 1126 praes.
851 1043 885 1106 in
918 1042 975 1104 -im
1008 1043 1214 1125 reperiuntur
1242 1042 1273 1106 in
1296 1042 1361 1107 fine

175 1179 304 1224 versus:

41 1357 43 1360 Ι
177 1269 278 1336 Andr.
296 1268 375 1334 666:
394 1266 445 1333 ‘at
467 1267 526 1333 tibi
551 1268 584 1333 di
607 1267 742 1352 dignum
763 1267 860 1332 fletis
883 1267 1018 1331 exitium
1041 1261 1152 1348 duint',
1394 1332 1396 1336 ,

176 1383 276 1448 Haut.
301 1379 381 1444 811:
406 1378 456 1446 ‘ut
478 1385 509 1446 te
534 1379 665 1466 quidem
688 1401 801 1444 omnes
826 1378 860 1442 di
884 1377 965 1443 deae
989 1387 1146 1463 quantum
1169 1380 1229 1459 det,
1264 1377 1361 1462 Syre,

333 1513 409 1558 eum
430 1494 514 1558 iside
538 1495 671 1557 invento
695 1495 834 1576 eumque
857 1491 989 1576 incepto
1012 1486 1184 1574 perduint'‚

177 1605 306 1670 Phorm.
325 1605 403 1670 123:
422 1602 534 1670 ‘homd
553 1603 739 1670 confidens:
764 1606 818 1689 qui
840 1601 933 1667 illurn
955 1601 989 1667 di
1013 1624 1125 1667 omnes
1147 1599 1316 1686 perduinl,

175 1717 217 1783 ib.
235 1717 316 1781 519:
335 1715 454 1804 ‘neque
478 1741 539 1803 ego
563 1740 668 1802 neque
692 1726 737 1780 tu.
782 1717 828 1780 Di
851 1715 911 1781 tibi
936 1737 1047 1780 omnes
1075 1715 1110 1779 id
1139 1713 1228 1800 quod
1257 1739 1292 1780 es
1316 1699 1361 1780 di·

328 1831 412 1920 gnus
437 1823 548 1910 duint'‚

174 1968 218 2032 ib.
236 1965 313 2030 713:
333 1963 475 2053 'quietus
499 1976 581 2050 esto,
614 1968 765 2052 inquam:
801 1967 863 2048 ego
894 1963 1016 2030 curabo
1042 1964 1164 2049 nequid
1185 1963 1362 2029 verbordm

328 2074 418 2144 duit'-

154 2189 216 2256 ib.
240 2187 319 2254 976:
339 2129 476 2254 ‘melum
499 2189 588 2275 quod
609 2188 664 2252 isti
687 2187 720 2252 dr'
744 2187 890 2273 deaeque
914 2191 1025 2253 omnes
1050 2184 1160 2273 duint'‚

174 2303 217 2368 ib.
243 2299 342 2366 1005:
362 2298 514 2365 ‘uxdrem
536 2298 640 2365 duxit.
663 2299 711 2364 Mi
734 2300 843 2383 homo,
869 2298 901 2363 di
926 2299 1040 2364 melius
1063 2296 1175 2381 duinl,

177 2415 259 2480 Hee.
282 2413 364 2477 441:
384 2410 602 2478 ‘cadeverosa
623 2413 719 2476 fecie.
742 2411 788 2475 Di
810 2411 901 2476 illum
924 2407 1093 2496 perduint.⁷

274 2527 313 2590 In
334 2525 442 2590 medio
466 2535 577 2590 autem
599 2547 698 2589 versu
719 2523 845 2588 formae
867 2522 1019 2608 volgares
1042 2521 1212 2608 leguntur:

173 2637 256 2702 Eun.
273 2634 353 2700 302:
372 2633 422 2702 ‘ut
444 2636 536 2703 illum
559 2635 591 2701 di
615 2634 761 2722 deaeque
785 2637 912 2700 senium
934 2634 1083 2720 perdent,
1111 2637 1166 2722 qui
1187 2657 1239 2700 me
1262 2636 1360 2702 hodie
1492 2716 1495 2722 ,

326 2754 509 2815 remonitus
532 2745 602 2832 est',

172 2889 213 2954 ib.
237 2889 317 2953 431:
337 2885 386 2953 ‘at
408 2889 440 2953 te
464 2886 497 2951 di
520 2885 669 2972 perdent.
694 2887 782 2968 Quid
803 2885 859 2952 ille
880 2886 1027 2973 quaeso?
1049 2883 1220 2970 Perditus',

171 3003 271 3067 Haut·
295 2999 374 3064 465:
395 2997 517 3065 ‘sumet
540 3008 713 3064 consumat
735 2998 862 3084 perdat,
891 2998 1090 3063 decretumst
1112 2995 1201 3083 pati',
1262 3027 1264 3033 ¹

171 3113 300 3179 Phorm.
324 3113 403 3178 688:
423 3109 473 3177 ‘ut
487 3117 519 3178 te
536 3112 668 3197 quidem
694 3133 806 3176 omnes
830 3111 864 3176 di
887 3112 968 3176 deae
992 3112 1102 3196 superi
1123 3111 1218 3176 inferi
1237 3111 1242 3192 Ι
1262 3111 1359 3176 Malis

327 3225 488 3311 exemplis
511 3223 668 3308 perdent!
693 3245 745 3288 em
767 3223 875 3309 siquid
896 3218 998 3299 velis'‚
1098 3289 1102 3298 ,

172 3337 253 3402 Hee.
287 3335 367 3400 469:
400 3333 448 3400 ‘lt
480 3337 561 3400 istos
597 3335 728 3400 invidds
765 3334 798 3399 di
835 3334 993 3420 perdant,
1034 3335 1089 3418 qui
1112 3332 1194 3398 haee
1222 3333 1360 3400 libenter

323 3445 519 3531 nuntient',.

175 3559 238 3625 Ad.
264 3559 341 3624 134:
361 3557 555 3646 ‘profundet
576 3560 694 3645 perdat
716 3561 839 3644 pereat,
863 3557 943 3623 nihil
967 3557 1009 3623 ad
1032 3581 1084 3624 me
1106 3554 1242 3641 ultimi,

179 3671 221 3736 ib.
247 3670 325 3734 714:
345 3668 593 3736 ‘monstretione
622 3673 761 3754 mugnus
784 3669 901 3755 perdat
923 3666 1087 3755 Iuppiter?

179 3865 182 3868 .
274 3809 368 3890 Quae
390 3811 438 3874 ita
462 3831 497 3873 se
524 3806 645 3873 hebere
667 3809 734 3872 iam
766 3808 959 3893 Spengelius
992 3809 1036 3874 ad
1069 3807 1171 3872 Andr.
1195 3805 1258 3872 666
1291 3810 1359 3873 eni-

171 3921 357 3988 madvertit.
396 3921 468 3986 Iam
491 3921 517 3984 si
539 3919 678 4004 legimus
702 3929 816 3985 eontra
838 3929 978 3986 metrum
1000 3922 1034 3984 in
1055 3917 1149 3985 libris
1172 3919 1255 3984 Hee.
1288 3919 1359 4004 134,

167 4029 218 4097 ‘at
239 4033 272 4096 te
296 4032 330 4097 di
353 4033 498 4118 deaeque
521 4033 674 4117 perduint
690 4055 764 4097 eum
786 4034 849 4096 isto
875 4032 949 4097 odil>
969 4026 1120 4113 Laehes',
1143 4053 1211 4096 non
1228 4028 1356 4098 ‘faxint'

172 4167 246 4210 eum
268 4143 417 4209 Bentleio
430 4195 439 4228 ‚
477 4143 707 4210 Fleckeisenio
743 4142 902 4230 aliisque,
941 4143 1000 4207 sed
1027 4137 1189 4227 ‘perdant'
1220 4165 1295 4207 eum
1318 4143 1357 4210 Ο.

170 4255 353 4322 sehuberto
373 4255 563 4342 (Symbolae
587 4256 630 4322 ad
652 4257 781 4322 Terent.
804 4253 997 4321 emendand.
1013 4276 1045 4339 p,
1071 4253 1123 4335 16)
1150 4255 1358 4322 scribendum

170 4391 240 4434 esse
264 4367 378 4434 elucet.
423 4368 584 4434 Nimirum
616 4367 679 4433 hoe
703 4390 832 4455 quoque
864 4367 938 4431 loeo
966 4367 1106 4431 formam
1128 4367 1359 4452 quaesitiorem

170 4480 302 4548 aliunde
317 4490 430 4546 notem
446 4467 694 4546 inculcaverunt
709 4479 842 4545 librarii.
861 4477 1013 4544 Ceterum
1037 4481 1176 4564 optativi
1197 4480 1269 4544 viee
1285 4501 1358 4544 earn
