3360 5188
641 504 855 568 ..31-

158 697 305 763 cedimus
328 732 371 744 -
394 695 545 762 adhunc
568 694 636 760 fere
660 715 792 759 sensum
815 717 855 759 ea
879 692 1074 778 corrigenda
1089 714 1161 758 esse
1180 695 1339 778 suspicor,

154 807 292 873 utillum
305 808 529 873 demonstrare
541 806 686 872 voluisse
704 814 886 871 statuamus
900 804 978 871 olim
990 800 1339 886 adiectiva‘necessus,

154 917 230 985 -um'
257 929 290 985 et
307 915 477 1002 ‘necessia
502 914 539 982 -e'
564 919 741 983 exstitisse.
788 916 894 998 Quem
917 917 961 981 ad
984 939 1116 981 sensum
1150 938 1214 1003 quo
1239 917 1339 982 modo

152 1032 279 1096 Donati
314 1031 417 1097 verba
439 1034 513 1116 ipsa
535 1052 623 1095 nunc
647 1029 796 1095 lectitata
830 1031 895 1094 sint
917 1028 1211 1112 accommodanda,
1246 1051 1339 1114 saga-

154 1143 297 1208 cioribus
314 1142 561 1209 diiudicandum
576 1142 736 1229 relinquo.
761 1141 814 1206 An
830 1140 973 1207 scribere
989 1148 1153 1226 praestat:
1171 1137 1340 1206 ‘necessus

154 1266 205 1319 est
226 1277 355 1320 nomen.
378 1275 456 1319 nam
477 1277 634 1320 necessus
658 1275 858 1319 necessus
875 1262 908 1318 et
924 1254 1103 1318 necessitas
1120 1262 1153 1318 et
1167 1275 1341 1318 necessum

154 1367 307 1431 dictum
330 1361 413 1431 est'?

257 1503 409 1570 Octerum
438 1499 616 1570 ‘necessus'
642 1505 775 1569 Terenti
808 1512 917 1568 aetate
949 1503 1051 1567 fuisse
1072 1501 1209 1567 verbum
1237 1511 1273 1566 ut
1294 1503 1342 1567 ita

155 1619 263 1682 dicam
278 1616 451 1698 urbanum,
475 1617 552 1682 inde
569 1617 676 1681 elucet
694 1616 783 1703 quod
799 1615 909 1702 Scipio
926 1637 964 1680 eo
980 1637 1060 1680 usus
1076 1623 1126 1678 est
1143 1615 1177 1678 in
1193 1616 1342 1679 oratione

155 1729 245 1814 apud
269 1727 354 1793 Geli.
377 1727 410 1791 V
434 1726 484 1810 19,
516 1727 572 1792 16:
591 1724 752 1792 ‘absentis
783 1711 910 1792 censeri
932 1725 1054 1810 iubere,
1082 1734 1119 1790 ut
1142 1724 1185 1790 ad
1208 1747 1339 1790 censum

153 1841 275 1906 nemini
298 1862 454 1905 necessus
480 1841 521 1903 sit
542 1835 660 1904 venire'
687 1841 828 1925 itemque
850 1841 1012 1926 reperitur
1034 1839 1141 1904 forma
1163 1839 1198 1902 in
1221 1834 1274 1902 Sc.
1301 1836 1341 1901 de

153 1954 279 2018 Bacan.
305 1950 420 2018 CILI
443 1949 514 2036 196,
539 1949 570 2016 4.

259 2090 288 2155 6.
301 2087 431 2177 ‘Volup'
448 2091 591 2177 (volupe)
605 2090 695 2175 apud
706 2089 896 2155 Terentium
911 2092 945 2155 in
958 2112 1024 2154 una
1036 2089 1149 2174 phrasi
1164 2083 1338 2174 ‘volupest'

155 2203 274 2286 legitur
301 2203 432 2268 Phorm.
460 2200 539 2267 610:
570 2199 695 2268 ‘venire
730 2203 857 2268 salvom
890 2197 1051 2287 volupest'
1084 2213 1116 2267 et
1145 2203 1229 2266 Hec.
1261 2200 1341 2265 857:

150 2310 247 2379 ‘bene
269 2314 395 2380 factum
423 2323 456 2378 et
469 2311 642 2400 volupest'.
666 2315 822 2380 Formam
841 2311 982 2399 ‘volupe'
1001 2313 1158 2400 umquam
1174 2314 1340 2378 exstitisse

154 2435 254 2511 negat
268 2423 467 2491 Ritschelius
486 2425 572 2491 Mus.
595 2425 697 2490 Rhen.
723 2425 788 2490 VH
810 2424 874 2488 319
898 2449 945 2511 sq.
972 2427 1025 2506 (τε
1043 2446 1095 2510 op.
1112 2425 1146 2489 ll
1163 2421 1227 2488 450
1244 2425 1340 2509 sqq),

154 2559 354 2622 quamquam
392 2560 464 2603 eam
497 2538 638 2601 formam
668 2537 771 2601 fuisse
804 2537 1033 2622 primigeniam
1067 2535 1228 2600 concedit.
1275 2533 1342 2600 Sed

156 2649 197 2712 cf.
221 2646 444 2712 Buechelcrus
479 2671 511 2733 p.
537 2647 586 2732 11,
621 2650 677 2733 qui
696 2643 830 2734 ‘volupe
865 2643 922 2712 est'
959 2646 1168 2713 scribendum
1190 2647 1341 2730 fulcite).

154 2759 256 2846 Apud
289 2759 441 2842 Plautum
479 2782 545 2825 non
583 2759 690 2825 solum
727 2759 868 2824 formula
896 2756 1030 2846 ‘volupe
1053 2755 1120 2842 ,est’
1164 2759 1341 2824 duodecies

155 2871 283 2956 legitur,
307 2871 487 2937 sedetiam
510 2871 704 2938 adverbium
722 2868 843 2958 ‘volup'
870 2882 929 2956 ter,
954 2873 997 2937 cf.
1020 2873 1103 2937 Brix
1125 2871 1193 2936 Mil.
1218 2871 1291 2934 277.

259 3011 288 3074 7.
313 3011 540 3097 Superlativus
558 2993 828 3077 ‘mirificissimus'
859 3012 894 3075 in
918 3033 1068 3076 sermone
1090 3010 1246 3074 familiari
1271 3011 1340 3075 sine

157 3121 256 3188 dubio
293 3146 421 3209 semper
454 3124 605 3207 usitatus,
639 3133 754 3208 utpote
784 3125 927 3188 extrita
961 3123 1196 3208 grammaticae
1228 3119 1344 3206 regula

155 3234 326 3318 formatus,
351 3237 501 3321 quamvis
525 3236 615 3301 dicat
638 3235 729 3301 Paul.
746 3238 835 3302 Fest.
859 3258 891 3321 p.
910 3234 969 3299 151
989 3235 1039 3300 M:
1058 3231 1342 3320 ‘magnificissima

158 3345 312 3410 dicebant
334 3347 498 3433 antiqui
521 3369 581 3432 pro
604 3343 950 3432 magnificentissima,
985 3346 1103 3432 legitur
1125 3347 1255 3412 Phorm.
1280 3346 1340 3410 871

161 3457 316 3539 (fortasse
339 3458 439 3521 etiam
462 3480 511 3541 eo,
536 3459 624 3543 quod
647 3461 685 3524 in
707 3460 798 3525 fine
819 3482 965 3525 versus
991 3438 1109 3543 exstat,
1133 3463 1343 3534 excusatus):

152 3565 280 3651 ‘quodi
304 3568 481 3649 Quodnam
506 3569 688 3636 arbitrare?
710 3572 841 3638 Nescio.
865 3571 966 3657 Atqui
989 3567 1272 3636 mirificlssimum'.

262 3707 291 3772 8.
312 3704 525 3793 ‘Compluria'
549 3707 715 3791 legitur²²l
739 3709 869 3774 Phorm.
895 3709 974 3774 611:
1004 3706 1121 3775 ‘multa
1144 3708 1340 3794 advenienti,

158 3827 194 3881 ut
214 3818 263 3901 fit,
287 3841 377 3884 nova
392 3820 445 3884 hic
462 3816 662 3906 compluria'.
686 3821 797 3886 Etiam
814 3819 1005 3891 Ciceronem
1020 3822 1113 3886 Verr.
1131 3821 1180 3887 IV
1194 3819 1246 3903 46,
1265 3819 1342 3887 102:

153 3927 265 3996 ‘immo
289 3954 367 3996 vero
392 3931 457 3996 aha
473 3929 663 4018 complurie'
681 3943 713 3998 et
728 3956 798 4000 ecc.
814 3934 849 3998 Il
866 3933 916 4016 19,
932 3934 992 3998 47:
1011 3931 1226 4019 ‘scyphorum
1248 3936 1341 4018 paria

261 4155 294 4218 ²¹)
311 4153 407 4220 Amph.
426 4154 476 4206 958
494 4171 523 4206 re
540 4171 608 4206 vera
626 4173 718 4208 omnes
736 4158 801 4208 libri
819 4159 920 4209 habent
937 4151 1045 4224 ‘volupe
1064 4149 1122 4211 est'.

262 4257 292 4321 ²²)
310 4256 389 4322 Apud
408 4258 513 4312 Charis.
541 4261 574 4309 60
592 4261 617 4310 Κ
640 4261 812 4311 scribendum
837 4266 893 4312 est:
916 4255 1099 4312 ‘manifestum
1121 4260 1152 4312 fit
1174 4269 1268 4316 vetera
1290 4264 1344 4316 dici

157 4360 212 4395 nou
230 4331 342 4408 veteria,
362 4349 389 4394 et
400 4346 510 4407 maiora,
529 4362 584 4395 non
596 4347 717 4409 maioris,
738 4352 765 4396 et
776 4347 863 4413 plura,
877 4363 930 4397 non
943 4347 1044 4412 pluria;
1065 4349 1187 4414 quamvis
1200 4349 1343 4400 Terentius

157 4430 186 4478 in
209 4428 418 4480 Phormione
435 4431 506 4496 (edd.
523 4425 682 4497 ‘Adelphis')
703 4449 774 4494 nova
797 4434 947 4499 compluria
970 4425 1083 4497 dixerit’,
1112 4439 1159 4484 aut
1185 4435 1342 4501 scriptorem

156 4516 246 4580 ipsum
264 4514 354 4565 locum
372 4519 527 4568 memoriter
544 4517 670 4570 laudasse
689 4524 838 4570 statuamus
857 4535 968 4571 necesse
988 4524 1036 4574 cst.
