3360 5188
798 487 1012 550 ..52-

412 681 462 746 Ac
484 680 609 746 formas
633 678 796 765 pleniores
820 687 877 744 aut
900 680 934 742 in
956 677 1021 741 fine
1044 679 1143 742 totius
1158 697 1274 740 versus
1297 683 1354 738 aut
1376 674 1493 760 prioris

308 815 423 860 versus
457 795 560 879 partis
594 791 766 857 admisisse
789 792 979 856 Terentium
1013 788 1207 875 Spengelius
1237 787 1281 852 ad
1302 786 1405 852 Andr.
1429 785 1492 848 234

309 917 341 972 et
364 904 562 971 Conradtius
584 907 617 970 in
640 905 783 969 Hermae
806 903 870 968 vol.
887 904 921 967 X
945 899 1007 967 100
1030 926 1078 988 sq.
1102 901 1218 967 eodem
1243 903 1312 967 fere
1333 912 1492 987 tempore,

309 1039 506 1106 quamquam
540 1017 606 1080 iam
628 1018 770 1102 quinque
792 1017 887 1080 annis
914 1025 991 1080 ante
1013 1012 1104 1079 One
1126 1013 1313 1096 Muellerus,
1337 1013 1493 1079 additam.

307 1153 340 1216 p.
364 1129 405 1194 83
427 1128 514 1196 idem
538 1129 704 1210 docuerat,
740 1136 979 1214 perspexerunt
1000 1126 1157 1212 locosque
1180 1129 1235 1212 qui
1263 1125 1338 1190 huic
1359 1125 1425 1209 legi
1447 1148 1494 1190 re-

309 1251 465 1328 pugnent,
489 1240 754 1308 emendaverunt.
777 1241 887 1326 Atque
909 1243 943 1304 iu
966 1237 1121 1304 sanandis
1145 1239 1244 1302 Haut.
1270 1235 1370 1300 1021:
1404 1234 1495 1304 ‘nam

307 1353 355 1419 illi
379 1353 457 1418 nihil
480 1355 541 1418 viti
574 1361 624 1419 est
657 1353 816 1434 relictum,
840 1354 917 1438 quin
953 1354 995 1416 sit
1021 1351 1057 1416 id
1085 1351 1200 1417 itidem
1222 1347 1289 1415 tibi'
1317 1349 1410 1430 l‘siet'
1435 1375 1494 1438 per

308 1467 530 1530 coniecturam
553 1463 738 1548 legebatur3
764 1463 1187 1548 QUISITETIDEMTIBI
1203 1466 1244 1546 A,
1264 1461 1358 1548 ‘quin
1380 1464 1493 1529 itidem

309 1579 352 1641 sit
373 1573 440 1642 tibi'
466 1580 555 1658 cett.)
582 1586 614 1642 et
636 1577 717 1642 Hec.
742 1576 822 1640 567:
856 1574 947 1641 ‘nam
969 1587 1005 1642 ut
1026 1576 1079 1642 hic
1109 1577 1234 1642 laturus
1263 1576 1326 1641 hdo
1350 1579 1421 1660 siet,
1437 1578 1451 1656 ΙΙ
1466 1579 1493 1640 si

307 1689 413 1774 ipsdm
434 1711 503 1754 rem
525 1699 561 1754 ut
584 1691 627 1754 sit
648 1685 823 1755 resciverit'
851 1689 993 1765 (codices
1025 1699 1150 1754 mutata
1178 1692 1347 1774 utriusque
1369 1689 1493 1754 formae

308 1801 386 1866 sede
404 1797 461 1865 ‘sit
485 1837 525 1848 -
542 1797 625 1881 siet')
650 1801 747 1866 ambo
771 1804 988 1867 consentiunt.
1012 1800 1141 1867 Deinde
1165 1799 1227 1866 Ad.
1251 1801 1292 1866 82
1315 1824 1381 1887 sq.:
1401 1798 1493 1886 ‘quid

307 1913 408 1978 tristis
432 1912 490 1978 es‘?
525 1913 637 1998 Rogas
659 1935 721 1994 me,
759 1913 815 1978 ubi
838 1912 934 1979 nobis
957 1912 1141 1977 Aeschinus
1162 1915 1166 1996 l
1187 1913 1265 1996 Sidt,
1290 1911 1368 1998 quid
1390 1915 1492 1979 tristis

308 2025 369 2108 Ago
395 2025 478 2089 sim?
493 2025 597 2090 Dixin
619 2025 681 2090 hdo
696 2023 774 2090 fore'
792 2025 989 2091 Ritschelius
1016 2024 1121 2110 (proll.
1138 2027 1171 2089 in
1194 2025 1284 2090 Trin.
1301 2046 1332 2109 p.
1359 2024 1434 2104 120)
1459 2034 1491 2090 et

307 2135 500 2223 Spengelius
511 2133 748 2202 ‘Aeschinusti
765 2136 842 2202 Scin
858 2139 924 2202 iam
941 2137 1020 2223 quid
1034 2135 1116 2219 eto'.,
1131 2135 1328 2203 Conradtius
1340 2135 1490 2202 ‘Aeschi
1506 2191 1509 2197 .

305 2248 406 2314 nust?
435 2245 543 2333 Sciet',
561 2250 728 2315 Daiatzko
741 2246 977 2314 ‘Aeschinust‘l
993 2244 1093 2314 Scies'
1113 2251 1324 2336 scripserunt.
1342 2251 1491 2334 Denique

306 2371 408 2428 restet
423 2362 504 2428 Hec.
521 2360 601 2426 637:
620 2359 685 2427 ‘sin
709 2364 758 2426 cst
782 2372 817 2426 ut
833 2362 928 2427 aliter
943 2365 999 2426 tria
1024 2363 1084 2428 siet
1101 2360 1282 2445 sententia',
1307 2365 1361 2449 qui
1377 2385 1492 2427 versus

307 2477 473 2561 ceteroqui
496 2474 619 2540 nullam
641 2473 741 2539 habet
764 2475 993 2557 offensionem3
1028 2485 1116 2541 certe
1146 2499 1211 2541 non
1240 2476 1392 2541 meliores
1417 2484 1492 2539 sunt

307 2609 421 2652 versus
444 2610 464 2652 a
487 2585 665 2652 Conradtio
689 2589 865 2672 propositi:
885 2583 951 2651 ‘sin
983 2591 1032 2652 est
1059 2590 1105 2653 uti
1135 2591 1296 2655 sententia
1318 2589 1414 2654 aliter
1436 2591 1492 2654 trie

307 2692 356 2764 sit'
381 2695 517 2765 vel‘sin
541 2701 648 2762 estut
670 2699 765 2764 aliter
799 2697 840 2764 de
872 2698 934 2763 hdo
957 2708 1014 2764 tua
1044 2702 1086 2764 sit
1109 2697 1288 2765 sententia?
1337 2699 1489 2767 Ceterum

307 2831 381 2874 cum
403 2811 473 2894 ipse
495 2809 611 2874 melius
630 2811 804 2894 quicquam
819 2797 884 2874 non
901 2812 1025 2895 possim
1047 2811 1161 2876 afferre
1181 2810 1308 2892 (similis
1324 2812 1417 2879 loeus
1441 2825 1491 2878 est

307 2920 370 2986 Ad.
392 2917 474 2984 515:
493 2917 624 2985 ‘facidtz
649 2922 701 2986 sin
714 2921 808 2986 aliter
824 2920 864 2986 de
879 2922 942 2986 hae
957 2946 992 2987 re
1008 2933 1057 2987 est
1073 2925 1141 2987 eius
1159 2921 1342 3004 sententia’)
1367 2938 1492 2992 certam

307 3031 511 3118 corruptelae
534 3031 708 3099 medellam
729 3033 876 3098 nondum
898 3057 971 3098 esse
993 3037 1160 3100 inventam
1183 3035 1357 3102 dicendum
1379 3049 1437 3103 est.

410 3141 601 3231 Composita
624 3145 715 3210 verbi
739 3145 936 3212 substantivi
958 3146 1110 3231 leguntur
1132 3149 1165 3212 in
1186 3148 1252 3213 fine
1267 3172 1381 3215 versus
1404 3151 1489 3218 Eun.

305 3253 384 3320 685:
414 3252 594 3339 ‘intersiet’,
629 3256 765 3350 Phorm.¹
787 3257 868 3321 313:
899 3255 1062 3341 radsient,
1097 3259 1160 3324 Ad.
1183 3258 1263 3323 619:
1283 3258 1432 3345 ‘adsiet’3
1456 3265 1492 3328 in

306 3368 423 3454 prioris
456 3369 558 3454 pertis
581 3369 646 3434 fine
679 3369 763 3434 Hec.
787 3368 865 3434 735:
884 3366 939 3435 ‘ne
973 3372 1092 3436 nomeu
1114 3373 1192 3437 mihi
1216 3375 1344 3458 quaesti
1367 3373 1489 3440 dbsiet:

305 3501 384 3545 nam
419 3480 526 3544 mores
559 3479 657 3546 facile
699 3479 794 3548 tdtor'
838 3484 1014 3567 (Faernus3
1061 3485 1192 3550 codices
1227 3495 1342 3570 aperto
1381 3510 1490 3554 errore

306 3591 507 3674 OBSTET).

408 3705 548 3770 Formae
582 3706 673 3772 verbi
703 3688 822 3792 ‘posse'
854 3708 1016 3793 pleniores
1051 3720 1184 3776 exstant
1217 3715 1251 3776 in
1284 3713 1349 3778 fine
1375 3734 1490 3776 versus

305 3814 409 3882 Andr.
424 3816 497 3900 874,
513 3817 614 3882 Haut.
630 3816 710 3882 675:
729 3816 886 3906 ‘possiet',
909 3821 992 3886 Hec.
1010 3821 1071 3885 729
1088 3823 1199 3904 (codd.
1218 3821 1393 3910 ‘possim'),
1418 3822 1489 3906 766,

306 3926 369 3992 Ad.
393 3926 473 3992 877:
491 3921 677 4015 ‘possiem’3
700 3935 734 3996 in
757 3933 864 3998 medio
880 3956 977 3999 versu
998 3934 1127 4000 Phorm.
1148 3934 1225 4000 773;
1243 3932 1355 4002 ‘modo
1377 3944 1414 4001 ut
1429 3936 1491 4000 hdo

305 4038 442 4104 oonsilio
466 4041 590 4126 pdssiet
605 4041 619 4122 ΙΙ
635 4041 775 4126 discedi,
797 4053 834 4109 ut
860 4048 959 4110 istam
993 4043 1111 4129 dueat',
1144 4048 1200 4113 ubi
1227 4049 1336 4114 forme
1366 4049 1436 4114 solo
1461 4047 1491 4112 A

307 4157 437 4216 servate
459 4159 518 4216 est.
558 4153 603 4218 At
628 4155 727 4220 etiam
748 4156 902 4223 Plautum
931 4159 1047 4224 eadem
1073 4162 1200 4226 ratione
1229 4163 1264 4226 in
1293 4160 1489 4226 adhibendis

305 4261 418 4327 formis
430 4262 630 4348 plenioribus
642 4289 738 4332 usum
748 4291 822 4334 esse
834 4269 946 4335 docuit
957 4270 1133 4338 Muellerus
1143 4271 1164 4335 l.
1181 4294 1209 4336 c.
1225 4273 1339 4358 Neque
1354 4294 1490 4358 prorsus

306 4371 475 4441 obsoletae
488 4376 589 4442 fuisse
600 4378 753 4445 videntur
767 4380 893 4446 formae
906 4381 1073 4448 Ciceronis
1087 4385 1300 4472 temporibus,
1317 4387 1345 4449 si
1360 4385 1489 4470 quidem

305 4485 349 4551 ed
364 4487 428 4552 ista
449 4487 569 4556 referre
591 4489 678 4574 licet,
701 4514 786 4578 quae
802 4494 882 4560 dicit
905 4503 986 4560 orat.
1008 4495 1156 4580 47,157;
1176 4495 1253 4564 ‘siet
1274 4498 1407 4585 plenum
1429 4507 1488 4580 est,
