3360 5188
756 467 949 532 ..6-

257 657 440 742 videbatur,
457 679 555 744 quam
568 656 609 722 ob
621 678 700 741 rem,
717 679 791 722 cum
804 657 949 722 amicitia
962 658 1156 722 coniunctus
1173 665 1260 721 esset
1270 656 1448 722 Terentius

257 794 332 837 cum
359 769 439 834 viris
470 767 683 834 nobilissimis
707 767 860 854 Scipione
883 767 1041 834 Africano
1071 778 1103 834 et
1131 767 1217 834 Gaio
1247 768 1372 840 Laelio.
1404 767 1448 832 ab

253 884 304 949 his
328 880 519 947 comoedias
542 880 759 945 Terentianus
791 880 931 964 scriptas
961 903 1034 946 esse
1056 903 1167 947 rumor
1191 889 1277 963 erat3
1307 881 1349 945 cf.
1374 878 1446 944 Cio.

254 995 297 1062 ad
320 993 423 1060 Attio.
448 991 513 1057 VII
536 991 565 1072 3,
592 988 647 1056 10:
667 988 877 1081 ‘secutusque
901 1015 982 1076 sum,
1006 1015 1072 1059 non
1095 993 1169 1058 dico
1194 992 1392 1058 Caecilium:

557 1153 654 1197 mane
676 1140 712 1196 ut
733 1152 776 1196 ex
797 1141 896 1217 portu
918 1133 952 1195 in
974 1131 1145 1197 Piraeeum

257 1311 299 1320 -
323 1268 429 1337 malus
453 1271 540 1335 enim
562 1277 677 1334 auctor
699 1269 890 1334 Latinitatis
913 1277 964 1334 est
985 1306 1027 1315 —
1052 1268 1110 1334 sed
1130 1268 1330 1345 Terentium,
1354 1269 1449 1333 cuius

223 1383 381 1486 fabellae
409 1391 542 1470 propter
575 1380 771 1466 elegantiam
802 1383 960 1447 sermonis
990 1380 1197 1468 putabantur
1225 1403 1245 1446 a
1268 1378 1305 1445 O.
1329 1379 1449 1444 Laelio

257 1491 374 1562 scribi?
400 1495 479 1562 Vita
494 1495 627 1559 Terenti
646 1491 792 1572 (Sueten.
809 1493 860 1557 ed.
876 1491 1110 1558 Reifferscheid
1125 1515 1157 1578 p.
1173 1491 1226 1576 32,
1249 1489 1301 1577 2):
1320 1487 1449 1577 ‘Nepos

261 1616 396 1674 auctore
420 1614 508 1671 certo
535 1602 578 1690 (l)
609 1605 808 1690 comperisse
839 1627 873 1670 se
904 1605 951 1670 ait
981 1601 1019 1668 C.
1048 1604 1248 1670 Laelium..
1267 1652 1300 1670 ..
1325 1603 1448 1669 dixisse

259 1741 326 1786 non
351 1740 450 1803 saepe
465 1718 500 1781 in
516 1715 688 1782 scribendo
705 1716 811 1802 magis
828 1714 892 1782 sibi
910 1717 1127 1781 successisse:
1152 1715 1269 1781 deinde
1284 1724 1449 1802 rogatum,

257 1840 295 1896 ut
331 1831 455 1914 scripta
487 1827 544 1894 illa
578 1828 755 1913 proferret,
790 1830 1021 1914 pronuntiasse
1054 1849 1169 1894 versus
1205 1830 1259 1914 qui
1298 1835 1373 1894 sunt
1413 1830 1449 1892 in

255 1943 413 2007 Heauton
435 1940 669 2004 timorumeno:

333 2052 421 2118 Satis
444 2052 500 2137 pol
523 2060 675 2137 proterve
698 2073 750 2115 me
774 2050 849 2135 Syri
872 2054 1035 2137 promissa
1057 2052 1121 2117 huc
1143 2047 1360 2118 induxerunt'

258 2165 343 2232 Ibid.
378 2169 422 2250 (p.
446 2160 498 2245 30,
534 2161 607 2244 14):
641 2159 692 2226 Ὀ.
723 2161 896 2228 Memmius
919 2165 952 2228 in
977 2167 1125 2229 oratione
1148 2185 1206 2248 pro
1231 2183 1284 2227 se:
1311 2161 1450 2228 Publius

260 2276 447 2358 Africanus,
481 2276 595 2361 inquit,
631 2296 652 2338 a
674 2274 826 2339 Terentio
851 2296 1025 2360 personam
1047 2283 1216 2340 mutuatus
1240 2298 1324 2362 quae
1359 2275 1448 2341 domi

259 2389 384 2455 luserat
404 2388 477 2473 ipse
498 2386 631 2453 nomine
652 2385 741 2450 illius
763 2387 797 2451 in
820 2408 974 2452 scaenam
998 2383 1128 2452 detulit?
1162 2385 1298 2453 Aucter.
1321 2388 1449 2454 Donati

259 2501 305 2588 (p.
337 2499 388 2584 35,
419 2495 473 2584 4):
501 2495 682 2584 ‘Scipionis
715 2497 846 2563 fabulas
881 2499 1024 2564 edidisse
1053 2499 1243 2564 Terentium
1273 2499 1450 2584 Vallegius

258 2612 310 2698 [de
332 2613 464 2679 nomine
487 2611 530 2677 cf.
553 2611 575 2675 1.
598 2632 626 2675 c.
650 2633 682 2697 p.
706 2609 769 2675 528
793 2609 876 2697 sqq]
899 2613 933 2675 in
955 2613 1086 2677 actione
1110 2613 1172 2676 ait:

455 2741 547 2805 'Puae
572 2762 657 2826 quae
677 2750 839 2807 vocantur
860 2740 994 2806 fabulae
1017 2741 1153 2806 cuiaene
1178 2750 1253 2806 sunt

456 2852 614 2917 Terenti?
636 2874 702 2918 non
725 2852 784 2918 has
807 2854 879 2918 iura
903 2855 957 2939 qui
980 2853 1111 2939 populis
1136 2852 1239 2919 dabat

456 2963 589 3030 Summo
613 2964 668 3029 ille
689 2963 814 3030 honore
837 2965 974 3029 affectus
996 2965 1075 3030 fecit
1096 2964 1227 3030 fabulas
1236 2961 1261 3028 ?'

259 3094 394 3176 Quintil.
410 3093 444 3158 X
463 3095 492 3176 1,
508 3090 566 3157 99:
586 3089 677 3157 ‘licet
691 3091 835 3157 Terentii
852 3095 974 3178 scripta
991 3091 1033 3158 ad
1047 3092 1236 3180 Scipionem
1252 3091 1447 3158 Africanum

258 3205 457 3273 referantur:
493 3226 577 3290 quae
611 3213 720 3269 tamen
755 3212 831 3270 sunt
862 3206 896 3269 in
930 3205 993 3271 hoc
1028 3228 1147 3290 genere
1178 3202 1447 3289 elegantissima'.

259 3319 410 3404 Denique
439 3316 559 3383 Santra
593 3318 661 3399 (vit.
691 3339 722 3402 p.
753 3317 804 3401 31,
836 3314 888 3398 10)
924 3340 990 3383 non
1022 3318 1210 3404 Scipionem
1240 3326 1272 3383 ct
1294 3319 1447 3384 Laelium

258 3432 314 3517 qui
343 3438 412 3495 tum
447 3426 686 3495 adulescentuli
721 3428 885 3514 fuerint³),
925 3431 984 3496 sed
1018 3429 1054 3496 O.
1085 3430 1266 3518 Sulpicium
1301 3430 1445 3513 Gallum,

260 3541 300 3623 Q.
329 3539 471 3606 Fabium
500 3539 703 3624 Labeonem,
738 3541 782 3606 M.
817 3539 992 3629 Popillium
1015 3543 1167 3609 Terentio
1197 3545 1230 3610 in
1262 3543 1447 3608 scribendo

260 3653 426 3720 adiutores
449 3653 551 3718 fuisse
575 3651 687 3718 tradit.

356 3792 546 3857 Terentium
570 3798 678 3856 autem
701 3790 809 3876 ipsum
840 3791 880 3856 de
909 3791 972 3856 hoe
1001 3813 1131 3858 rumore
1161 3793 1318 3858 edoctum
1341 3792 1447 3858 fuisse

257 3905 308 3970 his
331 3902 480 3968 versibus
504 3912 660 3990 apparet:
684 3900 824 3989 Adelph.
848 3904 929 3990 prol.
952 3927 985 3968 v.
1012 3902 1050 3968 15
1074 3925 1163 3991 sqq:

360 4030 461 4098 ‘Nam
484 4033 574 4120 quod
596 4034 650 4097 isti
673 4031 786 4098 dicunt
808 4032 972 4118 malevoli,
994 4033 1143 4100 homines
1165 4033 1294 4099 nobiles

361 4145 447 4210 Eum
470 4144 619 4210 adiutare
643 4142 845 4231 adsidueque
867 4167 932 4210 una
956 4144 1116 4211 scribere:

361 4254 461 4338 Quod
480 4255 529 4326 illi
551 4254 762 4323 maledictum
784 4257 960 4324 vehemens
982 4281 1055 4324 esse
1079 4258 1279 4343 existimant,

362 4477 382 4545 ¹)
403 4479 443 4536 cf.
463 4479 578 4546 Sauppe,
595 4479 778 4531 Nachriehten
797 4480 844 4531 der
863 4478 984 4546 doering.
1003 4479 1151 4536 Gesellsch.
1171 4482 1238 4533 1870
1256 4498 1282 4548 p.
1302 4482 1360 4535 119.
