3360 5188
647 459 860 523 „13-

157 649 235 735 quin
250 647 423 712 Terentius
435 650 507 732 ipse
521 646 700 712 formarum
724 647 906 733 priscarum
928 671 993 714 non
1010 649 1094 714 adeo
1110 652 1216 733 magis
1232 672 1348 716 amans

156 759 264 842 fuerit,
300 782 400 845 quam
438 781 534 845 quem
571 758 673 824 fuisse
710 758 806 825 nobis
843 781 861 824 e
893 762 1088 826 testimoniis
1116 765 1237 827 nostris
1270 761 1347 826 licet

160 871 333 958 suspicari.
370 871 530 936 Nimirum
565 872 592 936 si
613 871 680 937 iam
713 881 842 938 veteres
864 872 986 938 lecum
1013 873 1198 959 elegantem
1231 893 1348 958 purum

158 983 291 1048 Terenti
315 1004 498 1048 sermonem
521 982 706 1049 celebrasse
729 1006 823 1049 nemo
840 1006 907 1049 non
923 993 1034 1070 potest
1056 984 1118 1050 sibi
1138 984 1347 1070 persuadere,

159 1103 299 1180 apparet
320 1092 367 1159 eis
390 1096 445 1180 qui
466 1103 586 1180 poetae
612 1094 744 1161 fabulas
765 1097 995 1162 retractandas
1019 1095 1189 1180 curabant,
1215 1096 1347 1160 omnino

159 1228 225 1271 non
247 1205 347 1272 fuisse
369 1207 593 1272 necessarium
616 1209 820 1294 antiquitatis
842 1210 987 1294 speciem
1016 1211 1049 1273 in
1071 1209 1187 1275 formis
1208 1209 1348 1274 vetustis

159 1319 372 1403 conspicuam
395 1319 513 1403 delere,
536 1320 657 1405 quippe
680 1341 754 1386 oum
771 1331 870 1407 poeta
891 1322 961 1406 ipse
978 1331 1134 1408 quantum
1147 1321 1219 1386 vlieri
1235 1331 1350 1406 posset

161 1452 233 1496 sese
257 1429 299 1496 ab
322 1429 388 1498 illis
410 1431 562 1498 consulto
587 1432 810 1498 abstinuisset.

260 1543 355 1608 Haec
378 1545 478 1627 igitur
499 1545 742 1630 praemittenda
763 1547 878 1630 putavi
894 1546 1080 1632 quaestioni
1103 1546 1144 1610 de
1165 1545 1283 1630 priscis
1306 1565 1347 1608 ac

158 1655 297 1720 vetustis
324 1656 414 1741 apud
436 1656 626 1724 Terentium
646 1659 771 1741 formis,
811 1681 909 1745 quam
930 1661 978 1724 ita
999 1659 1067 1749 iam
1086 1677 1196 1723 sumus
1219 1656 1347 1722 institu-

157 1767 232 1850 turi‚
266 1776 303 1832 ut
334 1767 410 1833 illas
432 1768 557 1834 formas
579 1792 804 1836 enumeremus
828 1769 988 1857 simulque
1011 1772 1045 1835 in
1067 1768 1264 1836 illustranda
1285 1767 1347 1832 Te·

157 1878 241 1943 renti
257 1878 422 1944 scribendi
438 1889 506 1958 arte
523 1881 783 1946 demonstremus
798 1881 852 1946 vel
867 1883 977 1967 potius
992 1883 1205 1967 inquiramus,
1228 1878 1346 1964 quibus

158 1993 268 2056 causis
292 2001 459 2077 permotus
474 2002 573 2078 poeta
595 1993 659 2058 hoc
681 1993 779 2059 illove
802 1995 876 2058 loco
893 1994 1033 2059 formam
1055 2003 1091 2059 ut
1106 1993 1203 2058 nobis
1217 1992 1348 2056 videtur

160 2103 344 2170 obsoletam
376 2105 625 2172 adhibuerit-
657 2130 733 2172 nam
756 2107 946 2192 plerumque
979 2129 1045 2172 non
1075 2108 1143 2170 sine
1166 2127 1268 2170 eausa
1291 2126 1347 2169 eas

159 2214 327 2283 adhibitas
351 2239 433 2302 esse,
463 2220 569 2284 exeis
585 2240 669 2305 quae
693 2242 792 2306 supra
815 2221 967 2302 diximus,
991 2220 1057 2284 iam
1078 2239 1175 2299 nunc,
1198 2217 1347 2302 quamvis

161 2327 307 2414 singulos
330 2331 477 2397 nondum
500 2333 795 2398 examinaverimus
817 2331 919 2414 locos,
953 2352 1075 2414 magna
1097 2350 1172 2395 eum
1194 2325 1340 2414 probabi·

158 2441 251 2506 litate
274 2443 429 2510 concludi
451 2466 555 2529 posse
573 2445 713 2511 videtur.

265 2554 332 2620 Sed
353 2556 421 2620 iam
444 2555 589 2640 singulas
605 2556 729 2621 formas
754 2555 934 2622 secundum
950 2553 1107 2619 orationis
1130 2561 1241 2638 partes
1264 2571 1347 2636 quae

160 2665 313 2732 dicuntur
336 2666 482 2750 digestus
505 2689 741 2740 enumeremus.

655 2949 858 2960 ——1-——a

453 3295 656 3372 NOMINA
684 3294 1051 3372 SUBS'PANTIVA.

162 3499 183 3566 t
209 3499 252 3568 tte
277 3499 499 3570 declinatione
530 3517 595 3586 nna
618 3501 744 3586 stirpes
773 3501 803 3571 tn
827 3518 866 3570 -a
895 3499 1088 3570 desinentes
1119 3497 1343 3570 continentur.

263 3672 316 3738 De
348 3675 517 3740 tritissimo
552 3676 703 3758 genetivo
731 3673 794 3740 Ad.
831 3671 908 3737 747:
942 3671 1061 3738 ‘mater
1092 3667 1241 3740 familias'
1280 3692 1347 3735 non

160 3785 322 3872 estquod
355 3785 450 3872 plura
482 3784 584 3852 verba
613 3787 744 3870 faciam,
775 3787 881 3853 sciunt
903 3788 989 3852 enim
1010 3787 1096 3852 hanc
1118 3785 1259 3849 formam
1281 3784 1348 3846 iam

160 3899 251 3984 pueri
280 3899 332 3963 vel
360 3899 569 3965 mediocriter
602 3901 730 3967 eruditi.
773 3897 866 3964 Alios
897 3910 1006 3965 autem
1033 3899 1202 3984 genetivos
1232 3896 1267 3959 in
1295 3917 1347 3959 ·as

159 4033 201 4076 ne
225 4012 314 4096 apud
336 4011 487 4078 Plautum
510 4012 641 4100 quidem
664 4020 796 4077 exstare
820 4012 899 4076 olim
921 4009 1134 4077 contenderat
1149 4004 1347 4073 Ritsehelius

160 4121 255 4208 proll.
267 4145 298 4212 p.
308 4121 493 4208 OOCX1X3
512 4123 570 4190 sed
585 4121 776 4192 vide‘Neue
788 4123 894 4189 Plaut.
908 4117 1062 4188 Excurse’
1081 4143 1112 4206 p.
1131 4116 1193 4182 115
1209 4127 1240 4182 et
1257 4115 1357 4210 Gran-¹

161 4235 249 4319 dino,
273 4235 368 4302 Studi
391 4237 425 4301 di
446 4238 566 4302 Latino
592 4238 701 4301 antico
722 4236 748 4301 I.
771 4235 834 4301 Del
851 4237 994 4321 genitivo
1018 4243 1069 4296 -as
1092 4233 1145 4298 dei
1168 4233 1245 4297 temi
1267 4229 1347 4295 fem·

159 4347 264 4413 minili
294 4350 328 4414 in
356 4359 391 4412 -a
418 4348 505 4413 nella
535 4349 646 4436 lingua
674 4347 777 4414 latina
805 4372 823 4414 e
847 4346 1079 4432 specialmente
1112 4344 1199 4410 nella
1232 4344 1347 4425 lingua

161 4461 195 4525 di
218 4459 347 4525 Plauto.
370 4459 492 4526 Torino
519 4459 611 4524 1877.
851 4445 853 4450 ⁸
934 4445 940 4454 ¹
