3360 5188
786 466 999 530 ..64-

299 655 421 736 libri³⁷)
445 667 521 723 ante
554 656 689 723 vocales
723 655 892 741 praebent,
928 656 997 720 sine
1022 654 1120 720 dubio
1144 656 1264 720 rectius
1288 677 1433 740 agemus,
1457 657 1484 720 si

302 770 441 836 eandem
463 771 562 834 etiam
574 768 677 835 Andr.
702 768 764 831 712
786 769 986 833 restituimus
1010 790 1086 833 cum
1101 767 1284 834 Schuberto
1300 767 1322 834 l.
1338 789 1366 831 c.
1383 790 1415 852 p.
1433 767 1484 850 16,

302 905 401 967 quam
417 883 444 946 si
458 881 672 947 Ritschelium
688 883 861 967 sequimur,
886 883 941 966 qui
956 889 1043 946 certe
1066 881 1107 946 de
1123 879 1240 945 Plauto
1258 889 1334 945 ante
1349 879 1484 945 vocales

301 994 423 1080 ubique
434 991 527 1058 rface’
555 993 762 1059 scribendum
777 1015 849 1058 esse
864 993 1041 1058 affirmavit
1059 993 1113 1073 (cf.
1131 1015 1184 1079 op.
1200 991 1335 1070 11545).
1360 989 1486 1073 Quodsi

301 1107 490 1172 Terentium
505 1115 581 1171 ante
597 1117 817 1173 consonantes
833 1115 920 1171 certe
932 1103 1196 1191 nusquam‘face'
1216 1105 1340 1171 dixisse
1355 1113 1487 1170 constat

301 1241 406 1303 neque
429 1220 561 1284 omnino
594 1220 628 1283 in
651 1218 758 1284 medio
793 1241 890 1284 versu
913 1219 960 1283 sic
995 1220 1171 1304 scripsisse
1193 1221 1262 1283 veri
1296 1216 1400 1282 simile
1424 1226 1485 1300 est,

301 1331 389 1396 idem
412 1332 452 1397 de
474 1331 592 1397 Plauto
626 1354 693 1397 non
725 1332 846 1414 valere,
881 1353 924 1396 ex
946 1330 1106 1416 exemplis
1131 1354 1214 1416 quae
1236 1331 1327 1396 Neue
1349 1331 1398 1395 112
1420 1330 1485 1394 439

302 1444 426 1529 profert
448 1445 645 1510 examinatis
668 1442 824 1527 intellexi,
849 1465 1047 1529 quamquam
1065 1445 1165 1509 etiam
1186 1443 1349 1526 Plautum,
1372 1450 1408 1508 ut
1422 1443 1486 1508 fert

301 1558 394 1621 vocis
417 1566 544 1639 natura,
568 1579 642 1622 eam
656 1557 754 1640 longe
769 1555 918 1642 plurImis
935 1557 1019 1622 locis
1035 1558 1069 1620 in
1082 1556 1148 1621 fine
1164 1579 1277 1622 versus
1294 1555 1486 1620 adhibuisse

303 1668 478 1734 dicendum
501 1678 560 1734 est.

405 1782 623 1867 Imperativus
645 1779 738 1845 verbi
762 1781 918 1866 simplicis
937 1779 1041 1846 ‘duce'
1066 1803 1228 1866 nusquam
1257 1781 1376 1866 legitur
1398 1781 1488 1864 apud

302 1895 506 1960 Terentium:
531 1916 636 1979 neque
652 1895 738 1960 enim
753 1902 883 1979 poterat
898 1893 1047 1960 adhiberi
1066 1896 1100 1959 in
1114 1894 1180 1958 fine
1203 1915 1357 1958 versuum
1371 1892 1485 1958 iambi-

302 2028 424 2072 corum.
448 2006 487 2070 In
509 2005 619 2071 verbis
652 2015 763 2071 autem
795 2007 986 2090 compositis
1020 2007 1147 2070 formae
1177 2005 1343 2090 longiores
1365 2003 1481 2070 melius

304 2141 374 2182 sese
397 2140 613 2183 conservasse
634 2118 795 2185 videntur.
841 2119 1012 2203 Leguntur
1041 2120 1128 2183 enim
1150 2128 1227 2184 ante
1250 2124 1487 2184 consonantes:

303 2229 366 2295 Ad.
390 2230 468 2296 482:
487 2228 680 2312 ‘sustentatz
704 2230 791 2296 hunc
813 2230 951 2313 abduce,
979 2236 993 2308 ll
1019 2233 1107 2296 vinci
1131 2233 1252 2316 quaere
1274 2227 1362 2314 rem',

301 2342 345 2407 ib.
369 2341 449 2407 917:
469 2339 519 2407 ‘tu
540 2343 614 2408 illus
637 2341 693 2408 abi
716 2352 749 2408 et
769 2343 915 2408 traduce.
942 2345 957 2425 ΙΙ
982 2345 1027 2409 Di
1050 2344 1120 2427 tibi,
1144 2342 1292 2410 Demea'.

406 2454 493 2521 Ante
515 2457 650 2522 vocales
671 2459 706 2522 in
730 2455 882 2522 omnibus
904 2458 1048 2523 melioris
1073 2466 1172 2522 notae
1197 2457 1308 2523 libris:

303 2567 403 2633 Haut.
428 2566 506 2631 744:
537 2565 688 2634 ⁹ancillas
724 2591 836 2636 omnes
869 2570 1046 2635 Bacchidis
1080 2569 1217 2635 traduce
1250 2570 1314 2634 huc
1349 2569 1393 2635 ad
1426 2592 1486 2634 vos

458 2679 617 2766 prbpere':

406 2793 446 2857 In
470 2791 539 2857 solo
563 2785 626 2857 Aa

302 2905 386 2972 Eun.
411 2905 491 2970 538:
511 2902 590 2990 ‘abi,
613 2905 745 2987 Durius,
770 2907 834 2971 cito
858 2906 946 2972 hunc
970 2906 1097 2972 deduce
1120 2907 1164 2972 ad
1190 2903 1347 2972 militem'.

406 3019 444 3084 In
469 3018 618 3084 omnibus
634 3027 764 3104 praeter
785 3017 816 3082 A
832 3019 1002 3086 codicibus
1020 3044 1027 3084 :

302 3127 366 3194 Ad.
383 3128 463 3194 910:
478 3127 627 3196 ‘traduce
645 3141 678 3196 et
692 3140 830 3197 matrem
845 3142 878 3197 et
893 3133 1053 3198 fumiliam
1069 3155 1199 3198 omnem
1215 3133 1259 3198 ad
1281 3134 1351 3197 nus.
1367 3126 1488 3196 Placet'

407 3240 451 3322 (A
473 3241 730 3324 TRADUGET)
742 3294 750 3326 ,

302 3354 431 3419 Phorm.
454 3350 533 3419 309:
552 3351 621 3419 ‘abi
646 3356 807 3420 Phaedria
821 3378 897 3422 eum
911 3358 1038 3442 require
1060 3367 1116 3441 atq
1124 3379 1165 3422 ue
1181 3356 1244 3421 huc
1261 3355 1399 3421 adduce.
1426 3352 1487 3421 Eo'

458 3468 569 3547 (ceteri
591 3467 666 3532 libri
688 3469 772 3533 falso
796 3469 919 3534 habent
937 3465 1082 3534 ‘adduce
1105 3466 1202 3549 huo'),

303 3579 347 3644 ib.
371 3575 450 3643 410:
470 3576 570 3644 ‘dotis
594 3580 682 3663 dare,
707 3580 835 3646 abduce
856 3582 951 3664 hunc,
974 3582 1080 3645 minas
1104 3586 1246 3666 quinque
1270 3577 1405 3664 uccipe',

305 3691 387 3756 Hec.
410 3688 488 3755 605:
508 3688 566 3756 ‘mi
589 3695 696 3776 gnute,
732 3693 775 3758 da
803 3696 934 3759 veniam
968 3692 1052 3758 hunc
1086 3693 1175 3775 mihi,
1209 3692 1352 3758 redduce
1385 3692 1487 3757 illam.

458 3804 531 3869 Vae
554 3807 672 3870 miserd
697 3801 797 3870 mihi'.

409 3912 532 3982 Contra
545 3939 657 3982 omnes
667 3916 741 3982 libri
754 3918 894 3983 formam
908 3917 1078 4003 uolgarem
1092 3917 1252 4004 praebent
1263 3927 1338 3982 ante
1353 3915 1486 3982 vocales

305 4027 387 4093 Heo.
411 4028 490 4095 6542
525 4025 662 4095 ‘redduc
692 4053 830 4097 uxorem
862 4053 901 4096 ac
924 4031 992 4096 nuli
1014 4030 1183 4097 adversan'
1204 4026 1304 4113 mihi',
1338 4030 1381 4095 ib.
1406 4028 1485 4095 698:

297 4136 434 4209 ‘redduc
456 4165 603 4226 uxorem,
627 4154 684 4210 aut
706 4167 806 4232 quem
827 4143 870 4208 ob
893 4165 962 4208 rem
996 4166 1062 4209 non
1086 4167 1169 4230 opus
1196 4145 1238 4208 sit
1262 4139 1365 4227 cedo',
1401 4143 1493 4225 (anto

303 4277 484 4322 consonam
516 4257 601 4323 Eun.
624 4257 704 4321 377:
735 4254 810 4341 ‘age
844 4259 955 4322 etmus
988 4255 1074 4322 intro
1108 4258 1278 4323 nunciam:
1321 4277 1402 4321 orna
1429 4275 1492 4335 me,

409 4411 440 4478 ³²)
456 4414 571 4464 Versum
584 4414 667 4465 Andr.
685 4415 735 4465 483
745 4414 878 4465 scholium
890 4413 1013 4464 Bembin.
1032 4415 1062 4463 in
1074 4413 1125 4468 Ad.
1137 4414 1217 4476 1114,
1236 4414 1270 4464 36
1289 4415 1329 4464 sic
1348 4411 1495 4475 praeberet

303 4497 372 4555 ‘face
389 4501 466 4553 illam
483 4507 514 4552 ut
531 4493 620 4565 lavet’,
640 4501 702 4552 nolo
720 4502 829 4552 silentio
847 4502 1003 4566 praeterire.
