3360 5188
608 457 852 566 459-

306 690 370 757 Ad.
407 690 478 775 139,
512 687 672 758 ‘dormiet’
710 692 794 758 Eun.
825 689 898 775 368,
932 687 1146 758 ‘resarcietur’
1171 691 1235 758 Ad.
1260 693 1330 776 121,

302 799 456 870 ‘ferietur'
482 803 689 870 Ρ1111111.47.

159 912 337 1006 veniemus'
357 915 487 983 Phorm.
506 915 577 999 129,
597 913 847 1001 ‘adgrediemur'
873 915 976 982 Andr.
1000 914 1073 1000 670,
1093 913 1330 1002 ‘experiemur,

307 1027 436 1093 Phorm.
459 1027 533 1093 538.

145 1162 297 1232 ‘venient'
323 1166 387 1232 Ad.
410 1167 493 1254 prol.
517 1168 569 1251 23,
595 1164 779 1254 ‘reperient'
805 1166 1032 1252 Ρ1111111.234,
1066 1162 1234 1254 ‘aperient'
1271 1167 1334 1233 Ad.

305 1279 388 1364 prol.
412 1279 463 1363 23,
483 1276 696 1345 ‘effodientur'
720 1281 806 1345 Eun.
831 1277 903 1345 740.

255 1418 329 1500 Qua
363 1443 406 1484 ex
439 1421 683 1484 enumeratione
716 1418 881 1485 redundat
913 1418 1036 1483 formas
1065 1418 1218 1502 volgares
1241 1417 1338 1503 longe

149 1530 345 1613 praetulisse
360 1533 550 1597 Terentium
573 1540 672 1617 etque
694 1532 852 1615 imprimis
875 1532 909 1595 in
933 1530 1034 1596 verbo
1059 1530 1222 1612 veniendi,
1246 1532 1338 1594 cuius

148 1642 260 1706 futuro
285 1652 353 1708 tam
375 1643 561 1729 frequenter
583 1665 662 1708 usus
686 1653 745 1726 est,
776 1643 913 1708 alteram
935 1644 1075 1708 formam
1097 1664 1260 1727 nusquam
1282 1642 1339 1707 ad-

148 1756 289 1837 misisse,
313 1776 396 1840 quae
421 1756 490 1819 sine
514 1754 612 1820 dubio
636 1765 771 1841 propter
792 1755 886 1820 verbi
907 1754 1070 1821 veneundi
1095 1753 1338 1818 similitudinem

150 1867 364 1931 offensionem
397 1865 551 1932 habebat.
594 1867 645 1932 De
679 1867 795 1932 Plauto
830 1868 872 1931 cf.
905 1867 996 1931 Neue
1030 1865 1085 1931 Hs
1107 1865 1180 1948 448,
1209 1865 1338 1931 Lorenz

147 1978 250 2044 Most.
274 1977 347 2042 985.

257 2119 285 2181 7.
309 2119 451 2185 Formae
475 2119 557 2205 perf.
580 2118 600 2181 2
625 2120 707 2203 sing.
737 2141 796 2204 per
819 2140 1002 2203 syncopam
1036 2128 1126 2183 ortae
1160 2141 1263 2202 aeque
1297 2139 1337 2182 ac

149 2231 304 2314 volgares
327 2233 545 2317 reperiuntur:
569 2231 688 2317 legitur
710 2231 797 2296 enim
813 2224 919 2295 ‘dixti’
944 2228 1048 2294 Andr.
1071 2229 1144 2313 518,
1170 2229 1242 2312 621,
1266 2228 1339 2294 852.

149 2343 236 2408 Eun.
270 2342 341 2426 165,
374 2343 445 2427 167,
476 2343 550 2428 451,
581 2342 654 2428 497,
681 2342 752 2426 793,
776 2343 877 2407 Haut.
900 2342 974 2427 341,
1004 2338 1067 2406 830
1093 2340 1169 2422 (884
1189 2341 1220 2405 Α
1242 2364 1338 2427 quem

150 2455 264 2542 Umpf.
288 2465 418 2522 secutus
446 2465 496 2521 est
524 2456 609 2521 falso
640 2478 698 2539 pro
727 2451 852 2539 Γ(11111),
882 2455 1013 2520 Phorm.
1043 2452 1116 2538 390,
1147 2452 1228 2535 537,
1257 2454 1338 2519 Η11.

150 2570 224 2654 322,
265 2567 338 2654 451,
377 2567 449 2653 671,
488 2568 560 2651 677,
600 2568 679 2652 865,
717 2567 781 2633 Ad.
820 2568 893 2651 423,
932 2566 1005 2651 599,
1040 2565 1104 2632 604
1150 2566 1272 2652 (Umpf.
1309 2576 1342 2632 11

151 2683 274 2769 Speng.
293 2677 445 2764 ‘dixistl')
468 2680 548 2763 9533
567 2677 701 2746 ‘dixisti'
733 2680 1038 2747 1111111Ε111.376
1069 2680 1176 2760 (codd.
1204 2676 1338 2764 π(111111’);

152 2793 235 2858 1017
261 2795 370 2876 (codd.
389 2789 523 2876 ‘dixti'),
547 2793 677 2859 Phorm.
701 2791 764 2856 302
783 2792 892 2874 (codd.
904 2789 1087 2874 *1111111311
1104 2794 1215 2858 Etiam
1234 2792 1336 2857 Andr.

149 2906 213 2972 459
238 2906 334 2972 codd.
354 2902 460 2971 ‘dixti'
485 2904 618 2989 habent,
642 2905 794 2971 Donatus
812 2901 960 2989 ‘dixistiy
990 2906 1077 2970 unde
1099 2908 1219 2970 rectius
1242 2905 1339 2969 Bent-

150 3019 235 3084 leius
245 3041 253 3082 :
265 3015 326 3083 ‘ita
342 3016 397 3104 pol
414 3017 546 3103 quidem
560 3041 613 3082 res
629 3029 689 3102 est,
705 3021 743 3083 dt
754 3017 878 3098 dixisti,
895 3014 1037 3092 Lesbia',
1055 3040 1155 3102 quam
1165 3016 1338 3100 Fleckeis,

152 3133 205 3218 qui
232 3140 306 3195 ante
325 3125 430 3194 ‘dixti'
451 3126 507 3196 ‘tu'
533 3132 678 3196 inseruit.
703 3130 777 3196 Uno
794 3139 922 3195 tantum
944 3129 1017 3195 loco
1041 3131 1173 3194 codices
1198 3127 1339 3215 (praeter

150 3241 230 3322 DG)
250 3237 386 3307 ‘dixisti'
412 3242 570 3328 praebent
587 3243 690 3307 Haut.
707 3242 788 3306 436:
808 3240 890 3307 ‘non
911 3252 947 3307 tu
970 3245 1000 3307 11
1016 3242 1128 3307 dixisti
1150 3250 1188 3308 ut
1210 3241 1339 3307 essem?

150 3355 237 3420 Non.
251 3353 359 3434 Quam
372 3353 412 3419 ob
426 3357 506 3435 rem,
519 3350 695 3438 Chremes',
709 3364 744 3419 at
760 3351 859 3420 si‘illi'
869 3376 928 3439 pro
940 3350 991 3419 ‘ei'
1009 3353 1130 3420 habere
1144 3354 1341 3420 Bembinu'm

151 3480 184 3531 11
195 3462 302 3530 ‘dixti'
320 3487 393 3531 esse
420 3467 453 3529 in
469 3464 536 3530 DG
550 3476 750 3551 reputamus,
774 3465 885 3550 Umpf.
902 3475 991 3530 recte
1007 3467 1179 3550 scripsisse
1194 3466 1339 3532 videtur:

146 3573 228 3644 ‘non
251 3588 287 3642 tu·
308 3575 356 3642 illi
380 3578 462 3643 dixti
484 3587 521 3643 ut
544 3576 615 3645 etc'.
638 3579 766 3643 Eadem
786 3579 894 3644 forma
916 3601 991 3644 cum
1013 3577 1186 3644 codicibus
1207 3578 1338 3643 retineri

150 3699 261 3775 potest
284 3690 312 3755 si
334 3690 458 3755 hiatum
480 3689 670 3776 legitimum,
701 3691 735 3756 id
758 3691 846 3776 quod
861 3691 924 3758 Ad.
950 3689 1014 3753 604
1028 3691 1173 3778 plerique
1197 3689 1337 3756 editores

152 3803 310 3887 fecerunt,
334 3801 535 3868 admittimus
558 3803 660 3868 Andr.
685 3801 764 3867 593:
783 3800 876 3889 ‘quid
899 3803 1009 3868 dixti?
1040 3802 1182 3889 Optume
1204 3804 1337 3888 inquam

152 3915 286 3980 sactum.
321 3914 416 3980 Nimc
440 3937 499 4001 per
520 3915 606 3981 hunc
641 3915 762 3980 nulldst
795 3912 907 3999 mora',
941 3917 1003 3981 nisi
1038 3916 1180 3979 fortasse
1198 3910 1336 3979 ‘hem'e

153 4081 279 4090 -------
280 4082 358 4090 ..--..

258 4153 606 4222 π)1111111111111111111
636 4173 730 4209 versus
758 4158 858 4224 legitur
886 4160 914 4208 in
943 4157 1095 4207 codicibus:
1122 4145 1199 4206 ‘dixti
1216 4157 1342 4223 pulchre’,

152 4243 225 4293 unde
244 4248 356 4308 apparet
379 4259 433 4293 non
458 4260 519 4294 cum
542 4243 676 4294 Fleckeis.
702 4239 778 4294 ‘dixti
801 4237 892 4310 probe’
918 4244 1016 4308 priore,
1037 4243 1185 4308 posteriore
1209 4243 1268 4294 loco
1285 4238 1342 4294 ‘hui

156 4331 223 4381 dixti
251 4322 380 4394 pulchre,
408 4329 457 4381 sed
481 4324 584 4380 ‘dixisti
610 4323 729 4398 pulchre’
758 4333 859 4396 pariter
893 4345 952 4380 esse
978 4328 1131 4394 legendum.
1174 4330 1342 4396 Quamquam

152 4418 272 4469 libenter
290 4416 463 4467 concedimus
481 4417 593 4467 formam
612 4417 720 4483 plenam
746 4409 855 4466 ‘dixisti'
875 4431 985 4481 perraro
1015 4414 1087 4480 apud
1104 4415 1260 4465 Terentium
1279 4417 1341 4483 legi,

155 4518 210 4570 qua
227 4520 257 4554 11
276 4504 335 4553 sine
354 4501 436 4552 dubio
454 4503 498 4552 Fl.
516 4502 611 4552 utillo
629 4503 708 4552 modo
727 4517 821 4552 versus
841 4502 1025 4564 constitueret,
1044 4506 1195 4550 commotus
1213 4506 1260 4552 est.
