3360 5188
651 472 866 537 ..33-

263 663 308 730 ib.
332 661 412 727 344:
443 657 604 728 ‘laborem
637 663 770 728 inanem
800 664 893 748 ipsus
917 664 1006 748 oepit
1030 671 1062 727 et
1082 662 1129 730 illt
1156 663 1338 733 molestiam

160 773 288 858 adfert',
766 829 767 834 ,
1107 831 1111 838 .
1211 829 1214 838 .

264 886 308 954 ib.
332 885 412 952 455:
432 882 537 971 ‘ipsus
561 894 611 950 ost
624 885 675 951 de
698 907 762 970 quo
778 884 843 950 hoo
865 885 1006 970 agebam
1027 888 1147 951 tecum.
1172 884 1282 971 Salve,
1299 891 1344 954 mi

159 997 275 1085 pater,

263 1109 308 1176 ib.
325 1099 404 1174 812:
416 1105 549 1194 ‘gnatae
566 1131 644 1174 suae
659 1108 770 1192 fuisse,
794 1130 891 1194 quem
904 1111 996 1195 ipsus
1010 1109 1087 1174 olim
1101 1110 1180 1175 mihi
1196 1108 1342 1175 dederat.

160 1219 243 1287 Seio’
272 1220 375 1302 (solus
398 1221 454 1305 A),
1211 1276 1215 1286 .

262 1332 326 1398 Ad.
350 1331 428 1396 328:
458 1329 578 1418 ‘neque
600 1331 635 1398 id
659 1333 786 1398 occulte
808 1333 882 1416 fert,
915 1355 937 1398 a
958 1332 1075 1400 lenone
1107 1336 1200 1419 ipsus
1223 1337 1341 1421 eripuit

158 1443 290 1531 palam',

260 1557 305 1624 ib.
329 1557 410 1621 472:
429 1554 534 1623 ‘venit
558 1557 650 1641 ipsus
672 1555 758 1620 ultro
781 1554 956 1620 lacrimans
980 1578 1077 1622 orans
1100 1555 1298 1624 obsecrans’.

156 1670 284 1738 Omnes
307 1670 440 1736 codices
465 1679 595 1754 praeter
609 1666 641 1734 A
656 1668 796 1733 formam
817 1667 867 1732 his
883 1666 1006 1732 habent
1027 1667 1110 1733 locis
1128 1671 1238 1752 tetiam
1260 1668 1344 1736 loeis

153 1783 305 1851 Andrias
328 1804 429 1869 supra
450 1781 595 1846 laudatis
617 1778 649 1844 A
674 1778 817 1860 deficit):

260 1922 325 1987 Ad.
350 1920 407 1985 78:
437 1916 511 1985 ‘sed
534 1923 625 1984 estne
647 1918 700 1983 hie
722 1919 823 2004 ipsus,
848 1919 889 1984 de
911 1941 975 2006 quo
1000 1919 1163 2004 agebam?
1197 1930 1229 1987 et
1252 1925 1340 1988 uerte

153 2038 183 2100 is
209 2031 281 2117 esf,

261 2144 305 2209 ib.
329 2143 409 2210 538:
428 2140 537 2228 ‘pater
558 2141 635 2208 est?
658 2143 690 2207 Is
712 2143 829 2228 ipsust.
860 2140 952 2227 Syre,
977 2142 1055 2229 quid
1077 2143 1229 2228 agimus?
1251 2146 1343 2230 Fuge

150 2256 255 2324 modo
283 2257 378 2337 intro,
403 2275 464 2338 ego
488 2250 609 2321 videro'
636 2249 696 2338 (is'
722 2254 851 2320 addidit
870 2254 1061 2340 Flammis),

259 2369 345 2432 Eun.
371 2365 451 2430 782:
469 2362 562 2431 ‘illuc
585 2375 636 2431 est
659 2388 791 2451 sapere:
814 2375 851 2431 ut
865 2366 966 2432 hosce
981 2369 1145 2449 instruxit,
1168 2369 1260 2454 ipsus
1278 2368 1340 2434 sibi

152 2483 245 2548 eavit
268 2476 348 2545 looo'
379 2479 514 2560 (Donat.
538 2487 570 2544 et
591 2477 676 2556 BG).

246 2589 391 2660 Contra
413 2591 519 2655 forma
538 2586 629 2675 ‘ipse'
655 2588 790 2674 legitur:

166 2745 169 2750 -
260 2701 364 2769 Andr.
390 2701 469 2767 112:
500 2699 593 2788 'quid
616 2703 643 2766 si
663 2703 736 2787 ipse
759 2701 926 2768 amasset?
960 2702 1039 2787 quid
1065 2702 1118 2768 hio
1140 2702 1219 2767 mihi
1242 2657 1354 2769 faciet*

151 2811 264 2902 patri',

160 2975 166 2982 ·
219 2957 221 2960 ’
259 2945 303 3010 ib.
329 2942 407 3008 151:
428 2941 511 3010 ‘tute
532 2946 603 3029 ipse
625 2943 675 3008 his
697 2943 796 3009 rebus
818 2942 919 3008 finem
942 2945 1168 3030 praescripsti,
1179 2942 1304 3030 ¹spater',

259 3056 304 3122 ib.
329 3055 408 3120 174:
427 3053 568 3122 ‘futuras
591 3077 664 3120 esse
686 3055 822 3120 audivit.
847 3054 905 3119 sed
927 3055 998 3139 ipse
1022 3057 1090 3120 exit
1111 3051 1223 3140 foras,
1318 3072 1325 3092 ·

259 3169 303 3234 ib.
327 3168 407 3234 487:
437 3165 532 3234 ‘deos
566 3169 689 3254 quaeso
723 3177 760 3232 ut
794 3168 836 3232 sit
864 3169 1039 3252 superstes,
1074 3167 1339 3254 quandoquidem

147 3286 259 3367 ipsest
280 3280 410 3364 ingenio
434 3275 529 3345 bono'
554 3275 688 3365 (ipsust'
716 3275 866 3364 Speng.)‚

260 3416 304 3482 ib.
329 3417 407 3481 752:
426 3413 578 3483 ‘deliram
601 3440 667 3483 non
690 3426 759 3481 tute
779 3415 875 3502 ipse?
897 3415 1043 3482 Verbum
1068 3417 1096 3480 si
1113 3411 1214 3498 mihi',

260 3531 346 3596 Eun.
370 3552 418 3615 pr.
437 3529 494 3592 14:
514 3525 646 3594 ‘dehinc
669 3531 710 3594 ne
729 3529 903 3594 frustretur
924 3529 996 3613 ipse
1012 3549 1047 3592 se
1062 3536 1120 3592 aut
1136 3523 1338 3612 sieeogitet',

259 3642 304 3708 ib.
330 3641 388 3707 77:
408 3638 463 3708 ‘ne
486 3643 617 3726 praeter
639 3663 738 3728 quam
760 3661 842 3726 quas
864 3641 935 3726 ipse
957 3661 1051 3705 amor
1072 3635 1263 3722 molestias,

260 3754 304 3820 ib.
329 3751 410 3822 319:
429 3750 505 3836 ‘flos
527 3755 611 3838 ipse.
648 3753 743 3818 Nunc
777 3752 863 3818 hano
885 3753 922 3817 tt'r
943 3751 1022 3818 mihi
1050 3752 1102 3818 vel
1124 3753 1158 3816 vi
1180 3749 1233 3815 vel
1256 3747 1341 3815 elam

147 3869 207 3935 vel
230 3863 386 3952 precario'
415 3861 540 3948 (⁹nuno'
567 3865 694 3932 addidit
710 3863 758 3946 Gr.
782 3864 1008 3950 Hermannus3
1028 3859 1140 3950 ‘ipsus’
1159 3871 1192 3928 et
1208 3858 1334 3928 ‘hanoe’

148 4031 338 4116 Fleckeis3
363 3977 501 4097 IPSffM
523 4028 554 4094 A
576 4051 662 4098 corr.
685 4029 776 4113 ant),

258 4142 303 4207 ib.
327 4141 408 4208 543:
427 4139 539 4207 ‘homo
567 4144 640 4228 ipse
662 4150 872 4227 nusquamst:
906 4143 1012 4226 neque
1036 4138 1103 4204 soio
1127 4137 1205 4224 quid
1228 4136 1336 4204 diuam

149 4265 214 4322 aut
237 4255 315 4340 quid
339 4251 539 4338 coniectom',

260 4366 305 4432 ib.
331 4364 409 4432 702:
439 4364 560 4432 ‘meam
593 4368 665 4452 ipss
697 4365 818 4431 induit:
853 4372 930 4448 post
962 4363 1027 4428 t'ma
1055 4361 1152 4428 ambo
1188 4361 1339 4428 abierunt
1379 4391 1382 4405 ‹

148 4475 267 4561 foras,

209 4614 411 4666 angelomus,
425 4613 502 4655 Studia
516 4613 653 4655 Terentiana.
