3360 5188
780 469 994 531 ..72-

398 656 428 721 8.
448 653 666 722 ‘Praeterhac’
691 657 871 722 Bembinus
887 658 987 724 habet
1002 658 1132 724 Phorm.
1153 657 1225 743 800,
1251 681 1349 747 quam
1373 659 1483 724 lectio-

294 791 369 834 nem
403 769 564 833 immerito
586 769 835 834 Fleckeisenius
869 770 996 854 respuit
1028 770 1241 837 Ritschelium
1277 773 1346 836 sine
1381 770 1480 836 dubio

295 889 426 945 secutus
451 881 505 967 qui
537 901 590 966 op.
613 881 648 946 Π
676 879 737 942 271
762 882 949 946 Terentium
980 892 1111 967 praeter
1135 881 1300 966 ‘antehac
1330 883 1479 969 posthac,

296 989 435 1077 postilla'
461 991 563 1056 ullam
586 995 656 1058 eius
680 992 770 1058 modi
793 993 931 1059 formam
954 996 1086 1061 novisse
1108 995 1251 1081 negavit.
1275 996 1341 1061 Sed
1363 995 1425 1059 hac
1448 995 1481 1058 in

296 1127 332 1169 re
354 1103 506 1170 Bembini
530 1093 711 1171 auctoritas
734 1105 844 1190 potior
866 1115 916 1171 est
938 1129 1043 1192 neque
1066 1109 1229 1172 assentior
1244 1108 1407 1172 Lorenzio
1426 1107 1481 1192 qui

296 1216 341 1281 ad
362 1215 461 1281 Most
492 1214 534 1278 75
558 1212 772 1302 ‘praeterhac'
805 1239 877 1282 esse
899 1217 1086 1282 Plautinum
1113 1218 1264 1304 idemque
1293 1217 1479 1303 significare

300 1327 389 1413 quod
412 1327 501 1413 apud
512 1329 716 1412 ,posteriores
734 1325 1081 1414 scriptores‘posthac'
1107 1329 1292 1412 contendit,
1316 1328 1380 1393 hoc
1396 1330 1482 1393 enim

294 1460 360 1504 non
396 1438 647 1526 comprobatum
681 1438 777 1505 video
812 1437 972 1525 exemplis
1007 1463 1091 1526 quae
1114 1439 1206 1504 Neue
1229 1441 1284 1504 11²
1308 1439 1372 1504 680
1405 1461 1481 1504 con-

295 1551 406 1634 gessit.
429 1551 548 1636 Itaque
569 1550 780 1616 vehementer
803 1555 902 1618 etiam
925 1551 1048 1635 dubito,
1084 1575 1162 1618 num
1184 1564 1274 1619 recte
1304 1552 1482 1618 exhibeant

295 1661 371 1727 libri
393 1660 457 1727 Ad.
486 1661 549 1726 847
568 1658 712 1747 ‘praeter
744 1659 846 1747 haec',
882 1665 1033 1750 quamvis
1067 1663 1229 1728 editorum
1260 1685 1356 1728 nemo
1392 1663 1480 1750 quod

294 1773 397 1838 sciam
418 1773 527 1840 locum
551 1776 770 1861 temptaverit.
1312 1827 1314 1835 .

393 1880 558 1950 ‘Posthac'
592 1885 714 1970 legitur
744 1884 850 1952 Andr.
884 1884 936 1970 26,
970 1884 1043 1968 611,
1066 1887 1151 1952 Eun.
1180 1885 1255 1969 898,
1276 1881 1378 1951 Haut.
1407 1885 1480 1970 347,

294 1993 465 2079 590,679,
490 1995 583 2078 1031,
617 1995 749 2063 Phorm.
783 1997 854 2081 142,
884 1997 956 2082 742,
987 1995 1081 2078 1050,
1111 1999 1193 2063 Η55.
1222 1995 1274 2080 57,
1305 1996 1378 2082 405,
1409 1997 1481 2080 533,

295 2106 368 2191 659,
393 2107 466 2192 819,
498 2107 561 2174 Ad.
593 2108 665 2192 135,
700 2107 773 2174 565.
807 2111 910 2175 Recte
943 2119 1053 2176 autem
1086 2109 1161 2175 libri
1195 2119 1325 2196 praeter
1358 2109 1483 2175 Bene

294 2218 358 2285 Ad.
402 2220 465 2284 318
498 2217 589 2306 ‘post
625 2217 715 2286 haee'
754 2220 893 2306 habent,
931 2221 1019 2308 quod
1052 2218 1213 2307 ‘posthac'
1253 2245 1320 2287 non
1365 2222 1483 2288 dicitur

291 2333 355 2396 nisi
383 2331 424 2397 de
451 2333 550 2399 rebus
579 2334 698 2400 futuris
728 2335 774 2398 ita
802 2343 840 2398 ut
868 2357 995 2420 semper
1026 2335 1068 2398 sit
1097 2335 1286 2420 oppositum
1324 2333 1481 2399 adverbio

289 2440 450 2510 ‘antehac'
471 2447 525 2527 (cf.
538 2445 691 2532 Spengel.
714 2447 758 2512 ad
780 2445 811 2512 h.
838 2449 901 2529 v.);
920 2443 1082 2512 ‘antehac’
1101 2445 1204 2512 Andr.
1226 2445 1298 2531 187,
1317 2444 1390 2531 303,
1408 2445 1480 2529 917,

299 2555 368 2634 (alt.
393 2579 444 2620 ex.
470 2581 501 2622 v.
527 2556 593 2642 15),
617 2559 718 2623 Haut.
741 2556 814 2642 270,
845 2557 976 2625 Phorm.
999 2557 1030 2641 4,
1060 2557 1124 2624 Ad.
1148 2558 1199 2641 86,
1224 2556 1288 2622 250
1318 2558 1482 2638 (omnibus

294 2666 377 2732 locis
393 2668 625 2753 bisyllabum)3
646 2667 800 2756 ‘postilla'
825 2671 909 2736 Eun.
936 2670 1007 2751 127,
1032 2672 1131 2735 Haut.
1155 2669 1228 2753 447,
1252 2670 1382 2735 Phorm.
1405 2669 1479 2750 347,

296 2777 367 2861 705,
393 2776 486 2864 1018,
517 2781 619 2847 Andr.
643 2781 707 2846 936
725 2784 780 2864 (de
802 2805 866 2869 quo
890 2781 1105 2848 5115155551.
1130 2783 1150 2848 l.
1175 2783 1237 2866 c.);
1256 2779 1481 2868 ‘quapropten

297 2893 430 2974 interea,
454 2902 640 2978 propterea,
664 2891 787 2978 posteat'
813 2916 887 2959 cum
911 2897 976 2960 sint
1003 2896 1130 2960 formae
1157 2896 1359 2976 notissimae,
1390 2892 1482 2958 locos

293 3005 507 3093 Terentianos
530 3004 584 3072 515
607 3007 722 3070 afferre
745 3008 954 3092 supersedeo.
989 3007 1143 3074 Ceterum
1165 3009 1264 3072 etiam
1289 3003 1359 3088 ‘illi,
1390 3005 1480 3086 illim,

294 3113 360 3199 illo,
383 3114 448 3180 hoc
474 3117 574 3200 (huc),
598 3115 798 3203 praeterhao’
824 3117 876 3183 hic
898 3117 966 3184 11115
988 3119 1042 3184 vel
1065 3120 1099 3182 in
1115 3117 1284 3184 Ciceronis
1308 3119 1481 3186 codicibus

293 3227 432 3291 inveniri
456 3230 586 3313 optimis
609 3239 740 3294 constat
762 3231 803 3294 51.
826 3231 917 3296 Neue
942 3231 995 3295 11²
1019 3228 1199 3313 629-633,
1224 3227 1296 3294 680.

396 3340 512 3406 Restat
534 3341 675 3429 denique
701 3350 739 3407 ut
765 3342 917 3408 Plautum
946 3345 1095 3429 quamvis
1124 3343 1159 3406 in
1186 3341 1381 3408 adhibendis
1411 3347 1481 3410 eius

293 3449 383 3514 modi
405 3453 518 3518 sormis
540 3476 607 3520 non
630 3457 678 3521 ita
698 3454 835 3520 multum
853 3455 980 3520 differat
1003 3477 1023 3518 a
1039 3456 1171 3519 Terenti
1188 3477 1346 3538 sermone,
1370 3463 1482 3520 tamen

295 3563 454 3647 imprimis
477 3588 590 3631 eorum
620 3567 850 3633 adverbiorum
873 3590 956 3653 quae
986 3590 1003 3632 e
1033 3568 1276 3653 praepositione
1304 3577 1337 3633 et
1364 3588 1482 3652 prono·

293 3677 380 3741 mine
417 3688 578 3762 constant,
617 3679 726 3765 plures
765 3703 863 3766 quam
900 3681 1088 3746 Terentium
1132 3681 1254 3745 formas
1292 3679 1482 3745 adhibuisse

294 3788 469 3854 afferamus
496 3791 549 3870 (cf.
571 3791 727 3858 Ritsohel.
750 3793 772 3858 l.
795 3795 850 3874 5.).

398 3899 428 3965 9.
452 3901 555 3998 Andr.
578 3901 642 3966 483
665 3903 913 3970 Fleckeisenius
938 3905 1087 3991 scripsit:

396 4009 397 4016 '
444 4011 544 4079 ‘nunc
568 4017 707 4100 primum
729 4017 784 4082 fac
804 4019 869 4083 ista
892 4026 928 4082 ut
949 4016 1055 4083 lavet:
1080 4011 1323 4102 postedeinde'

293 4125 448 4209 quoniam
485 4126 513 4190 si
547 4147 621 4190 cum
656 4128 826 4193 codicibus
859 4124 959 4214 ‘post’
996 4128 1187 4213 legeremus,
1219 4121 1358 4192 ‘deinde'
1395 4134 1482 4190 esset

294 4238 581 4326 pronuntiandum.
616 4238 656 4304 Id
679 4249 788 4306 autem
813 4242 956 4305 evitasse
980 4239 1169 4304 Terentium
1189 4261 1225 4302 re
1247 4260 1327 4303 vera
1352 4235 1389 4300 hi
1417 4236 1482 4302 loci

295 4359 414 4425 docent
437 4359 554 4446 quibus
574 4343 674 4443 ‘dein
698 4341 801 4446 proin,
826 4343 954 4444 deinde,
977 4341 1122 4445 proinde'
1140 4359 1276 4443 legitur:
1300 4357 1403 4423 Andr.
1427 4355 1477 4439 79,

291 4467 366 4557 408,
390 4471 464 4556 441,
488 4469 561 4549 562,
587 4469 660 4556 707,
684 4473 767 4537 Eun.
791 4470 843 4554 56,
869 4469 940 4555 106,
964 4469 1037 4556 593,
1068 4470 1169 4535 Haut.
1193 4469 1275 4556 prol.
1299 4469 1330 4554 3,
1356 4468 1404 4552 19,
1429 4467 1481 4552 65,
