3360 5188
821 472 1035 536 ..32-

335 660 524 749 complurie'
549 665 689 749 itemque
704 663 738 728 in
753 663 936 748 Protagora
951 663 998 728 ite
1013 661 1138 727 dixisse
1153 661 1359 747 grammatici
1374 658 1521 740 tradunt,

336 775 539 862 eundemque
560 775 701 842 formem
724 773 935 841 commendat
956 771 1042 838 Geli.
1058 772 1090 840 V
1106 771 1158 856 21,
1181 771 1268 838 unde
1290 771 1474 838 Varronem
1489 780 1523 836 et

336 885 506 972 Nigidium
537 888 584 952 its
606 885 737 953 locutos
770 908 843 952 esse
877 887 1107 972 comperimus.
1144 885 1316 951 Terentius
1351 884 1457 950 forma
1479 884 1521 948 in

334 999 420 1064 fine
442 1021 587 1066 versus
610 1000 719 1066 utitur.

765 1645 1081 1726 PRONOMINA.

442 1906 471 1969 1.
494 1907 616 1973 Formo
635 1903 748 1993 ‘ipsus’
774 1906 909 1991 legitur:

440 2017 544 2084 Andr.
568 2015 648 2082 360:
667 2015 850 2105 ‘perilulum
873 2020 1006 2104 opsoni:
1035 2020 1128 2105 ipsus
1150 2020 1270 2084 tristis:
1293 2019 1335 2085 de
1355 2019 1521 2104 inproviso

336 2126 491 2216 ndptiee⁷,

440 2353 485 2420 ib.
508 2353 589 2419 422:
618 2351 754 2420 ‘etenim
785 2357 878 2441 ipsus
912 2377 1022 2421 seeum
1045 2341 1128 2422 'eim
1160 2379 1230 2422 rem
1262 2356 1427 2442 reputavit
1456 2350 1519 2419 vie’

343 2466 445 2546 (solus
468 2468 541 2533 eod.
565 2466 624 2550 D),

445 2577 489 2644 ib.
512 2576 592 2642 495:
612 2575 714 2646 ‘oerte
737 2579 846 2646 hercle
868 2601 955 2646 nuno
978 2579 1032 2646 hio
1049 2602 1083 2648 se
1105 2582 1197 2666 Ipsus
1220 2579 1315 2664 follit,
1337 2578 1428 2645 huod
1449 2599 1523 2662 ego.

339 2690 465 2756 Edixin
488 2688 569 2773 tibi',

441 2801 486 2866 ib.
499 2799 561 2866 527
570 2826 578 2867 ε
587 2799 690 2888 ‘quod
701 2803 779 2868 mihi
792 2803 972 2888 pollicitust
982 2805 1076 2889 ipsus
1087 2812 1215 2891 gnotus.
1228 2805 1316 2869 mino
1328 2798 1521 2885 Chremem',

442 2913 487 2979 ib.
509 2911 591 2979 576:
611 2911 717 3000 ‘ipsds
739 2914 818 2980 mihi
833 2914 961 2998 Devos,
986 2915 1041 3001 qui
1055 2916 1213 2981 intumust
1235 2919 1349 2981 eorrim
1365 2913 1522 2994 consiliis,

340 3022 433 3092 dixit'

437 3076 489 3203 ib.
513 3136 596 3203 598:
615 3134 791 3224 ‘quiescas
815 3138 887 3224 Age
903 3140 1010 3222 igitur,
1033 3137 1090 3203 ubi
1105 3158 1192 3203 nuno
1209 3146 1259 3203 est
1273 3137 1390 3224 ipsus?
1403 3137 1523 3204 Mirum

323 3249 376 3314 ‘ni
400 3245 542 3334 domist',

442 3361 528 3427 Eun.
544 3361 626 3426 546:
646 3359 688 3428 ‘is
704 3365 755 3428 est
770 3385 814 3428 an
828 3361 983 3429 nonest?
1003 3363 1095 3448 ipsus
1112 3371 1170 3428 est.
1188 3361 1266 3450 quid
1280 3361 1343 3427 hoe
1357 3359 1521 3426 hominis?
1650 3453 1651 3474 ,

342 3475 397 3558 qui
419 3471 473 3537 hio
497 3476 629 3541 orsitus
654 3471 724 3560 est,

442 3585 487 3650 ib.
503 3584 584 3652 974:
603 3583 677 3652 ‘sed
692 3595 784 3654 estne
798 3587 855 3654 ille
868 3597 982 3653 noster
996 3585 1179 3653 Pdrmeno?
1195 3594 1227 3652 et
1242 3593 1331 3651 certe
1345 3586 1438 3671 ipsus
1454 3578 1522 3664 est,

442 3697 676 3764 Phorm.178:
706 3694 749 3764 ‘is
772 3709 823 3765 est
854 3700 964 3786 ipsus:
1000 3701 1040 3783 ei,
1073 3699 1172 3764 timeo
1208 3698 1316 3780 miser,
1351 3717 1449 3783 quem
1470 3694 1522 3759 hie

341 3810 420 3876 mihi
444 3831 531 3876 nune
552 3811 680 3875 nuntiet
703 3806 793 3895 rem',

443 3922 486 3988 ib.
510 3920 592 3987 215:
623 3917 697 3988 ‘sed
719 3921 772 3987 hio
797 3921 869 4009 quis
893 3931 944 3988 est
966 3924 1077 4005 senex,
1112 3942 1207 4007 quem
1234 3917 1331 3985 video
1355 3918 1389 3982 in
1411 3916 1525 3983 ditims

341 4033 475 4119 platee?
495 4036 588 4119 ipsus
611 4029 682 4117 est’,

444 4146 489 4213 ib.
513 4144 594 4210 852:
612 4141 687 4212 ‘sed
708 4148 779 4212 isne
800 4155 851 4212 est
873 4167 970 4232 quem
992 4167 1113 4232 quaero
1137 4146 1178 4209 en
1201 4141 1292 4208 non?
1314 4142 1429 4228 ipsust.
1449 4140 1525 4204 edn-

341 4260 477 4344 gredere
499 4261 655 4324 octutdm.
680 4257 768 4340 Quid
790 4253 871 4323 esti'
904 4253 1015 4343 (ipsus
1038 4251 1093 4322 est'
1118 4254 1159 4340 A,
1178 4251 1269 4341 ‘ipse’
1293 4253 1388 4338 reli),

447 4369 530 4436 Heo.
553 4369 634 4434 343:
665 4367 835 4456 ‘namqui
858 4378 948 4436 amat
982 4369 1034 4434 oui
1058 4369 1132 4434 odio
1153 4370 1246 4455 ipsus
1270 4376 1330 4450 est,
1354 4364 1451 4451 [eum]
1474 4359 1527 4428 bis
1649 4447 1650 4466 ¹

341 4486 451 4552 fdoere
475 4482 572 4550 stulte
595 4478 701 4566 diruo,
