3360 5188
660 515 876 580 ,37..

278 703 309 770 4.
332 706 474 769 Formae
497 707 728 790 pronominum
750 707 794 770 ad
817 706 1005 791 analogiam
1033 707 1186 774 flexionis
1208 710 1375 774 nominum

172 825 209 880 ut
230 815 278 882 ita
301 817 419 899 dicam,
442 815 603 882 formatae
625 817 795 902 leguntur:

283 923 400 1008 (Andr.
424 928 482 992 alt.
505 928 584 992 exit.
608 951 639 994 v.
661 928 699 990 21
718 925 868 1014 ‘dperam
891 930 967 995 dedi
990 953 1031 996 ne
1053 951 1105 996 me
1128 933 1200 996 asse
1236 930 1372 998 oblitum

181 1040 273 1105 dicas
295 1049 372 1106 tuae
394 1049 514 1123 gnatae
536 1037 695 1124 alterae'),

280 1153 362 1218 Eun.
388 1151 488 1215 1004:
506 1149 600 1219 ‘mihi
634 1152 724 1218 solae
757 1153 892 1220 n'diculd
927 1154 1005 1239 fuit,
1030 1177 1114 1240 quae
1138 1156 1217 1241 quid
1238 1157 1366 1220 timeret

179 1262 321 1347 scibam',

279 1376 381 1443 Haut.
404 1375 488 1440 271:
517 1373 571 1442 ‘ea
594 1376 675 1442 tbiit
696 1388 851 1442 mortem:
875 1376 938 1443 hoc
963 1380 1043 1463 ipsa
1065 1379 1099 1444 in
1121 1380 1237 1446 itinere
1252 1378 1373 1445 alterae

181 1489 258 1554 dum
282 1485 413 1572 narrat',

282 1600 414 1665 Phorm.
438 1599 520 1666 928:
553 1598 643 1668 ‘cum
666 1621 726 1686 ego
757 1603 858 1667 vestri
894 1602 1031 1666 honoris
1066 1606 1168 1669 carisa
1199 1604 1372 1688 repudium

181 1711 303 1778 Alteras
326 1709 525 1779 remiserim’.

279 1827 355 1890 Hae
377 1826 503 1891 formae
526 1827 561 1890 in
584 1847 733 1890 sermone
754 1825 909 1891 familiari
932 1848 1095 1912 persaepe
1111 1826 1277 1892 adhibitae
1301 1850 1372 1892 esse

175 1939 339 2022 videntur,
369 1940 458 2024 quod
480 1941 547 2003 iam
568 1939 645 2004 inde
668 1937 784 2020 elucet,
808 1939 896 2023 quod
920 1940 1064 2025 aptiores
1087 1949 1181 2004 erant
1203 1941 1247 2005 ad
1269 1963 1372 2025 genus

180 2052 368 2116 accuratius
391 2062 423 2116 et
446 2051 684 2135 significantius
711 2050 953 2132 definiendum,
993 2073 1092 2136 quam
1124 2051 1370 2116 terminationes

175 2162 418 2250 pronominales
441 2165 475 2227 in
498 2164 561 2227 -ius
584 2161 636 2226 vel
659 2164 693 2240 -i,
717 2185 801 2248 quae
824 2172 912 2227 certe
935 2164 1026 2248 apud
1048 2164 1236 2229 Terentium
1258 2165 1292 2227 in
1313 2186 1371 2228 vo-

178 2275 272 2340 cibus
295 2269 395 2361 supra
417 2274 526 2340 allatis
549 2275 590 2340 de
613 2274 743 2339 feminis
766 2297 929 2360 nusquam
962 2285 1174 2359 usurpantur.
1218 2276 1271 2341 De
1293 2277 1371 2341 viris

180 2397 289 2452 autem
319 2383 474 2452 ‘alterius'
507 2386 610 2451 Andr.
641 2385 714 2468 628,
733 2383 857 2451 ‘solius'
883 2386 984 2451 Haut.
1015 2383 1087 2469 129,
1126 2387 1256 2452 dativos
1285 2383 1369 2451 ‘soli'

181 2501 267 2565 Eun.
290 2498 365 2582 480,
389 2499 462 2581 637,
489 2498 560 2581 793,
585 2497 658 2583 831,
695 2495 923 2580 Ρ1ιο1111.405,
962 2498 1044 2562 Hec.
1073 2496 1146 2580 350,
1170 2497 1245 2583 410,
1269 2495 1371 2564 ‘nulli'

183 2612 285 2677 Haut.
310 2609 383 2695 685,
406 2610 470 2676 Ad.
488 2611 560 2694 864,
580 2607 696 2676 ‘alteri'
715 2610 819 2675 Andr.
843 2608 905 2673 427
921 2612 1116 2695 reperimus.
1134 2611 1250 2696 Itaque
1273 2613 1372 2678 etiam

180 2722 245 2788 Ad.
269 2723 327 2786 34:
373 2731 405 2789 et
426 2723 487 2788 tibi
509 2723 593 2788 bene
616 2745 689 2788 esse
714 2722 872 2787 solioum
895 2722 961 2789 sibi
983 2726 1025 2789 sit
1047 2722 1153 2806 male',
1189 2724 1217 2788 si
1240 2724 1372 2809 quidem

184 2859 300 2902 versus
316 2860 336 2902 a
351 2837 506 2902 Terentio
530 2837 698 2921 profectus
721 2844 771 2901 est
787 2871 829 2882 -
846 2857 926 2900 nam
949 2837 1042 2901 deest
1057 2837 1100 2900 'in
1115 2835 1145 2902 A
1162 2858 1267 2921 neque
1284 2835 1372 2920 quic·

180 2971 280 3036 quam
303 2949 344 3014 de
367 2971 405 3013 eo
429 2948 528 3014 habet
551 2948 704 3014 Donatus
722 2983 760 2994 -
777 2955 855 3033 post
871 2944 956 3014 ‘soli'
987 2948 1289 3032 interpungendum
1312 2957 1370 3030 est,

180 3062 227 3126 ita
249 3071 286 3126 ut
307 3062 342 3126 id
365 3083 439 3126 cum
457 3058 540 3125 ‘tibi’
569 3061 601 3140 (i.
625 3083 653 3125 e.
676 3061 808 3142 marito)
828 3062 1056 3143 coniungatur,
1082 3059 1239 3145 quoniam
1257 3055 1369 3124 ‘solae'

182 3182 281 3259 poeta
305 3174 502 3258 scripsisset,
527 3174 555 3238 si
577 3171 622 3238 ad
639 3169 724 3238 ‘sibi'
751 3174 784 3248 (i.
809 3195 836 3236 e.
853 3173 1004 3252 uxorem)
1029 3171 1144 3236 referri
1158 3171 1327 3236 voluisset.

282 3285 384 3348 Porro
420 3284 591 3368 genetivus
620 3281 722 3349 ‘nulli'
759 3309 781 3350 a
802 3285 1028 3369 grammaticis
1051 3292 1084 3348 ct
1113 3284 1211 3349 codd.
1233 3281 1302 3347 Dc
1326 3284 1372 3364 (in

178 3395 342 3462 Aversus
364 3419 431 3460 non
454 3398 577 3477 exstat)
596 3396 832 3482 comprobatur
854 3395 957 3460 Andr.
985 3394 1068 3458 608:
1088 3391 1181 3460 ‘mihi
1205 3394 1372 3480 obtigisse,

181 3509 446 3595 quandoquidem
467 3518 536 3574 tam
557 3510 654 3590 iners,
677 3519 746 3574 tam
768 3508 850 3574 nulli
873 3508 989 3574 cdnsili
1014 3504 1103 3573 sum?
1140 3507 1248 3593 Atque
1272 3508 1370 3571 etiam

180 3615 296 3685 Oiccro
321 3620 405 3685 dixit
426 3641 486 3705 pro
510 3620 609 3684 Rosc.
633 3617 726 3684 Com.
752 3619 803 3703 16,
826 3618 885 3685 48:
903 3617 998 3684 ‘nulli
1023 3615 1147 3684 consili'
1173 3628 1206 3684 et
1229 3621 1256 3683 si
1277 3617 1370 3685 Neue

176 3732 228 3798 11²
256 3728 320 3794 255
352 3730 416 3794 hoc
449 3730 523 3795 loco
539 3718 540 3726 ¹
559 3730 694 3796 laudato
730 3729 839 3796 addit:
874 3727 950 3796 ‘wie
971 3753 1049 3795 man
1070 3732 1183 3812 meint,
1218 3729 1257 3794 in
1280 3731 1371 3795 einer

178 3843 371 3928 poetischen
403 3839 652 3927 Reminiscenz',
691 3842 885 3908 Ciceronem
908 3843 1040 3909 Terenti
1075 3843 1184 3908 locum
1205 3843 1240 3907 in
1262 3851 1370 3908 mente

178 3958 335 4024 habuisse
357 3979 401 4024 ex
424 3959 481 4040 eis,
499 3977 584 4041 quae
607 3955 727 4021 similia
750 3977 850 4041 supra
867 3956 1021 4037 diximus,
1045 3963 1194 4040 apparet.
1218 3953 1370 4020 Ceterum

183 4071 309 4136 formas
337 4067 447 4154 ἶ1111111,
473 4068 565 4134 solae
599 4063 712 4134 simm’
737 4067 792 4132 hie
813 4067 881 4132 illic
909 4067 998 4152 apud
1027 4067 1169 4152 optimos
1192 4067 1370 4152 scriptores

178 4183 315 4267 reperiri
336 4181 435 4246 docet
461 4181 554 4246 Neue
586 4180 608 4245 1.
632 4201 661 4244 c.
684 4178 736 4244 De
759 4178 878 4246 Plauto
905 4179 955 4246 off.
979 4177 1137 4243 Ritsoheli
1161 4198 1214 4264 op.
1237 4173 1368 4260 11692,

179 4293 272 4359 Brix.
296 4300 329 4358 et
351 4292 494 4358 Lorenn.
517 4292 561 4356 ad
583 4291 653 4356 Mil.
676 4289 750 4355 356.
1196 4356 1198 4360 ,

282 4402 350 4469 Sed
364 4412 492 4468 restant
505 4402 642 4486 formae,
666 4402 707 4468 de
723 4399 841 4489 quibus
857 4399 947 4466 haud
961 4402 1010 4466 ita
1023 4400 1121 4466 facile
1137 4409 1188 4466 est
1202 4400 1368 4466 iudicium.

180 4513 231 4581 Ut.
248 4515 348 4600 igitur
370 4537 392 4580 a
406 4517 601 4600 gravissimo
625 4514 699 4580 loco
724 4514 947 4596 exordiamur,
964 4512 1067 4577 Haut.
1083 4511 1145 4579 382
1167 4512 1302 4597 legitur:
1321 4507 1369 4576 ‘td
