3360 5188
653 506 868 571 „19-

158 702 224 764 tria
256 695 366 782 milia,
399 708 434 763 ut
463 698 602 763 formam
627 693 815 762 ‘nummum'
846 697 1033 762 restitueret
1061 696 1250 760 coniectura
1272 703 1352 760 tem-

159 813 311 897 ptavisse
333 810 412 875 mihi
434 809 564 874 videtur
581 791 639 888 ¹⁵).i

269 921 383 987 Cicero
416 931 497 988 orat.
521 921 572 1004 46,
598 918 660 983 155
677 944 725 1007 sq.
750 922 790 987 de
807 921 876 986 eius
892 920 982 986 modi
998 921 1157 1004 genetivis
1181 918 1354 1005 disputans

160 1056 324 1119 persaepe
349 1043 447 1120 atque
469 1035 589 1097 usitate
614 1031 679 1098 dici
697 1029 819 1115 ‘deum‚
859 1031 1006 1114 liberum,
1040 1018 1203 1096 maiorum
1236 1027 1352 1097 meum'

161 1145 318 1210 affirmat.
340 1143 451 1230 Atque
473 1143 535 1210 hae
558 1166 659 1209 voces
682 1145 775 1228 ipsae
798 1145 831 1207 in
855 1143 988 1208 Terenti
1009 1141 1131 1208 fabulis
1152 1143 1305 1228 leguntur
1316 1140 1353 1226 ¹⁶)

160 1279 270 1343 nequo
287 1256 424 1322 dubium
441 1279 513 1321 esse
535 1264 654 1340 potest,
680 1255 758 1340 quin
773 1253 836 1318 hoc
853 1275 982 1340 quoque
998 1253 1072 1319 loco
1098 1264 1155 1320 aut
1166 1252 1281 1319 Cicero
1299 1263 1357 1318 aut

160 1377 291 1452 auctor,
308 1391 404 1455 quem
422 1369 568 1454 sequitur
585 1365 711 1449 Cicero,
730 1365 888 1430 sermonis
904 1388 1000 1430 usum
1011 1367 1143 1431 Terenti
1159 1367 1356 1431 auctoritate

161 1480 367 1567 comprobet,
395 1480 430 1544 id
454 1480 543 1567 quod
567 1501 667 1564 supra
688 1480 756 1542 iam
783 1476 848 1541 alio
873 1476 1024 1561 exemplo
1049 1477 1356 1544 demonstravimus.

160 1589 272 1658 Ceteri
296 1603 406 1658 autem
429 1593 571 1676 genetivi
593 1591 816 1656 inusitatiores
843 1588 929 1674 apud
947 1589 1145 1672 Terentium,
1169 1587 1354 1674 yeluti‘ini-

160 1727 274 1789 quom,
299 1727 448 1791 aequom,
474 1705 625 1786 amicum,
643 1697 888 1784 adversarium',
912 1702 952 1765 in
974 1700 1164 1786 prologis
1187 1710 1357 1766 tantum-

158 1818 285 1882 modo
310 1815 517 1881 adhibentur.
551 1815 638 1895 Quin
659 1835 759 1878 unum
781 1821 908 1878 tantum
938 1813 1125 1899 exemplum
1152 1813 1187 1878 in
1212 1813 1380 1898 prologis,
1424 1842 1427 1848 ·

154 1937 297 2011 exstat,
331 1927 388 1992 ubi
411 1927 610 1992 adiectivum
637 1925 833 1992 substantivi
854 1926 928 1990 vice
962 1925 1143 1991 adhibitum
1177 1925 1358 2010 longiorem

154 2039 309 2120 genetivi
331 2038 472 2104 formam
511 2039 543 2117 (i.
568 2037 891 2124 e.·pronominalem)
922 2037 1044 2104 habeat
1066 2038 1166 2103 Haut.
1191 2038 1273 2123 prol.
1298 2036 1355 2100 20:

152 2145 339 2215 ‘bonorum
355 2146 551 2235 exemplum'
580 2151 668 2229 (nam
680 2146 876 2215 ‘verborum'
901 2151 985 2214 Eun.
1002 2149 1085 2234 prol.
1101 2149 1144 2212 24
1165 2148 1228 2214 huc
1243 2149 1356 2215 referri

158 2263 310 2348 nequit),
351 2262 409 2328 sed
432 2260 654 2346 ambiguitatis
690 2263 863 2329 evitandae
897 2265 998 2327 causa
1032 2262 1126 2326 aliter
1159 2262 1267 2326 dicere
1290 2284 1356 2327 non
1423 2305 1425 2308 -

159 2376 273 2460 potuit
296 2375 468 2440 Terentius
490 2375 543 2440 vel
569 2374 751 2440 Ambivius.
787 2376 862 2439 Hoc
885 2375 984 2459 igitur
1006 2374 1105 2440 modo
1130 2374 1358 2458 restringenda

160 2495 216 2551 est
237 2486 430 2552 Buecheleri
469 2485 501 2568 (l.
537 2509 566 2551 c.
589 2509 621 2571 p.
646 2484 700 2568 85)
738 2486 925 2552 observatio
960 2487 994 2549 in
1017 2484 1163 2570 prologis
1197 2507 1358 2571 nusquam

160 2599 309 2682 genetivi
330 2598 471 2664 formam
493 2598 675 2682 longiorem
698 2607 830 2663 exstare
854 2598 1002 2663 dicentis.

161 2836 216 2905 tv.
244 2789 288 2905 llo
313 2837 536 2907 declinatione
561 2854 646 2922 quaa
669 2836 797 2921 stirpes
822 2837 852 2906 tn
876 2855 910 2904 -u
931 2838 1094 2905 exeuntes
1111 2836 1357 2922 complectitur.

233 3029 235 3033 ·
269 3012 297 3073 1.
323 3010 503 3076 Genetivus
532 3013 566 3075 in
590 3013 653 3074 -uis
677 3021 709 3076 et
733 3009 902 3076 codicibus
933 3009 1085 3074 omnibus
1109 3020 1141 3074 et
1163 3009 1357 3076 testimoniis

161 3131 316 3188 veterum
353 3125 432 3188 satis
468 3145 629 3208 superque
664 3123 877 3187 confirmatur
910 3122 1010 3186 Haut.
1044 3120 1123 3210 287:
1157 3117 1241 3187 ‘eius
1265 3124 1358 3188 anuis

161 3257 268 3300 causa
292 3235 408 3320 opinor
431 3256 514 3320 quae
538 3245 609 3300 erat
642 3231 792 3300 mortua'.
837 3235 892 3299 Ex
927 3236 1117 3299 coniectura
1149 3233 1358 3301 Fleckeisoni

167 3345 350 3426 (Kritische
373 3344 543 3410 Miscellen
566 3367 599 3430 p.
622 3345 664 3409 43
688 3346 789 3429 adn),
815 3347 870 3432 qui
892 3369 910 3410 c
932 3345 1091 3411 Ritscheli
1114 3346 1282 3431 doctrina,
1318 3348 1359 3415 de

162 3480 232 3544 qua
255 3479 334 3522 mox
355 3456 555 3540 videbimus,
580 3460 766 3542 genetivum
787 3459 821 3522 in
844 3480 896 3523 -us
919 3459 1121 3524 comicorum
1144 3459 1244 3524 aetati
1267 3459 1369 3524 abro··

162 3569 267 3656 gavit,
292 3567 410 3654 legitur
432 3569 531 3633 etiam
546 3569 677 3635 Phorm.
693 3569 772 3634 482:
793 3567 964 3657 ‘quantum
985 3571 1117 3636 metuist
1131 3571 1219 3654 mihi,
1246 3570 1359 3636 videre

162 3683 231 3746 huc
256 3681 382 3746 salvom
402 3703 491 3744 nunc
514 3682 675 3766 patrubm,
700 3678 805 3765 Geta',
831 3703 929 3769 quam
958 3683 1222 3750 emendationem
1246 3704 1357 3747 omnes

162 3793 257 3878 quod
289 3794 393 3858 sciam
416 3792 558 3857 editores
580 3801 784 3878 receperunt.
824 3793 891 3859 Sed
904 3816 1021 3860 vereor
1043 3817 1083 3861 ne
1110 3815 1184 3859 cum
1208 3792 1358 3860 omnibus

160 3904 259 3970 libris
282 3913 415 3989 praeter
438 3902 479 3988 A,
504 3906 559 3991 qui
577 3900 749 3990 ‘quantum
783 3915 888 3972 metus
915 3903 971 3973 est'
1004 3907 1113 3990 habet,
1137 3914 1170 3971 et
1198 3905 1358 3990 Bentleio‚

276 4088 305 4156 ¹⁵)
324 4092 356 4141 In
369 4093 443 4142 Trin.
457 4091 498 4142 ed.
511 4092 538 4141 Π
557 4096 584 4143 et
595 4092 678 4158 proll.
687 4110 713 4159 p.
726 4093 871 4148 LXXXIX.
881 4095 961 4146 Most.
980 4095 1030 4147 stt
1043 4095 1158 4146 formam
1168 4087 1354 4146 ‘nummorum'

165 4194 222 4229 non
240 4177 393 4228 immutavit
414 4179 587 4242 Ritschelins‚
612 4179 660 4230 sed
688 4196 722 4230 ne
745 4179 790 4231 hic
809 4181 918 4247 quidem
943 4197 1003 4232 eam
1022 4197 1101 4247 posse
1119 4181 1231 4233 tolerari
1249 4183 1357 4233 Brixius

165 4269 269 4327 censet,
289 4265 334 4314 cui
351 4280 405 4314 non
424 4265 605 4331 adstipulatur
621 4267 780 4323 Lorenaius.

275 4357 304 4425 ¹⁶)
321 4357 390 4408 Nam
409 4361 564 4425 genetivum
575 4354 721 4412 ‘talentum’
727 4399 735 4426 ,
755 4363 802 4427 qui
813 4361 913 4430 legitur
926 4363 998 4428 apud
1011 4363 1175 4426 Terentium,
1195 4379 1250 4414 non
1268 4362 1360 4414 attulit

167 4444 271 4509 Cicero,
296 4446 423 4510 quoniam
447 4462 508 4497 eum
532 4462 586 4496 non
611 4446 699 4498 solum
724 4465 778 4499 non
802 4449 960 4501 inusitatum
985 4465 1053 4514 esse,
1076 4465 1172 4500 verum
1196 4453 1278 4500 etiam
1302 4449 1359 4499 lere

166 4531 247 4581 unice
267 4530 390 4582 adhiberi
409 4533 443 4583 ab
463 4534 571 4599 optimis
591 4534 770 4600 scriptoribus
789 4551 868 4585 nemo
888 4536 982 4587 nescit.

1204 4639 1236 4688 2*
