3360 5188
815 511 1029 575 -.38-

323 725 398 768 cum
422 703 584 785 studuisti,
607 704 663 767 isti
685 702 813 767 formae
836 710 874 765 ut
896 701 1003 766 mbres
1019 700 1208 766 consimiles
1223 696 1351 782 forent',
1375 698 1512 766 ubi‘isti

322 812 455 880 formae'
480 817 667 900 genetivum
689 837 761 880 esse
776 811 974 879 Ritschelius
1002 815 1126 896 statuit,
1150 809 1387 898 quod‘similis'
1422 813 1509 878 adie-

325 928 446 991 ctivum
469 926 558 1011 apud
579 925 731 991 Plautum
753 934 786 990 et
801 925 989 990 Terentium
1012 946 1140 1009 semper
1162 946 1237 989 eum
1259 927 1410 1009 genetivo
1434 947 1511 990 con-

323 1040 511 1123 iungeretur
546 1041 611 1123 (op.
641 1039 676 1102 II
705 1035 769 1099 572
785 1037 872 1119 adn,
895 1035 960 1100 580
976 1038 1051 1121 sq.).
1068 1036 1176 1122 Atque
1192 1036 1247 1101 ille
1262 1037 1344 1102 haec
1360 1039 1513 1124 exempla

323 1151 523 1215 Terentiana
546 1147 700 1233 protulit:
740 1148 825 1213 Eun.
849 1147 930 1211 334:
961 1145 1083 1213 ‘nonne
1105 1149 1168 1212 hoc
1197 1151 1334 1214 monstri
1357 1147 1512 1234 similest',

323 1262 454 1326 Phorm.
481 1259 565 1324 954:
595 1257 745 1325 ‘monstri
770 1257 894 1343 similc',
929 1259 992 1325 Ad.
1017 1258 1075 1323 96:
1105 1257 1245 1326 ‘nullum
1278 1260 1373 1326 huius
1409 1261 1514 1326 simile

323 1369 468 1450 factum',
491 1373 594 1437 Haut.
618 1370 697 1434 551:
718 1369 760 1437 ‘si
783 1372 863 1458 qnid
884 1372 982 1437 huius
1007 1371 1111 1437 simile
1134 1372 1219 1437 forte
1243 1371 1419 1458 aliquando
1443 1396 1515 1439 eve-

324 1481 429 1567 nerit',
452 1507 531 1549 uam
556 1483 648 1549 locos
671 1483 790 1570 quibus
801 1484 952 1549 homines
974 1506 1050 1548 oum
1071 1483 1258 1549 hominibus
1281 1494 1515 1570 comparantur

325 1598 440 1662 afferre
465 1597 667 1682 supersedit,
692 1605 767 1661 sunt
790 1605 899 1661 autem
921 1595 970 1660 hi:
995 1596 1079 1661 Eun.
1092 1595 1173 1658 313:
1192 1592 1295 1660 ‘haud
1319 1596 1433 1662 similis
1448 1599 1512 1662 vir-

323 1720 399 1794 gost
421 1710 585 1795 virginum
614 1705 820 1791 nostrarum',
849 1707 893 1773 ib.
917 1706 997 1771 496:
1032 1704 1170 1773 ‘domini
1194 1709 1307 1773 similis
1331 1705 1387 1790 es',
1410 1709 1512 1775 Haut.

324 1820 406 1885 393:
432 1818 540 1887 ‘cuius
562 1843 634 1886 mos
657 1822 833 1884 maximest
855 1821 1035 1885 consimilis
1057 1816 1225 1902 vostrum',
1249 1819 1293 1884 ib.
1319 1818 1418 1884 1020:
1452 1817 1514 1885 ‘tui

324 1933 443 1998 similis
459 1929 529 2013 est',
552 1932 683 1997 Phorm.
700 1931 779 1995 501:
792 1928 906 2017 ‘quam
920 1941 1056 2018 uterque
1081 1941 1131 1997 est
1147 1931 1262 1998 similis
1278 1929 1348 2014 sui',
1364 1932 1419 1998 Ad
1433 1930 1514 1996 411:

323 2041 388 2110 ‘est
412 2045 529 2109 similis
552 2045 714 2108 maiorum
738 2039 849 2108 suom?
874 2044 1012 2108 Restant
1035 2053 1145 2109 autem
1168 2045 1252 2109 Eun.
1265 2042 1344 2107 468:
1371 2039 1516 2128 ‘perpul-

325 2157 403 2223 chra
426 2157 524 2222 credo
549 2156 638 2221 dona
660 2165 717 2220 aut
739 2157 859 2220 nostris
878 2151 1014 2238 similia',
1045 2154 1102 2220 ubi
1126 2156 1273 2221 dativum
1295 2155 1370 2222 libri
1389 2151 1516 2236 (A‘no-

326 2265 403 2352 stri',
428 2267 636 2354 quodfacile
652 2266 836 2352 explicatur
860 2277 1015 2353 sequente
1037 2267 1147 2332 littera
1163 2290 1178 2331 s
1194 2277 1227 2332 et
1242 2269 1331 2353 quod
1354 2265 1515 2354 [quamvis

325 2379 523 2464 dubitanter]
553 2379 699 2445 defendit
722 2378 921 2464 Wagnerus,
959 2381 1084 2464 recepit
1111 2379 1423 2465 Umpfenbachius),
1447 2380 1516 2446 Do-

324 2507 430 2574 natus,
453 2493 643 2557 Priscianus
667 2491 835 2576 praobent,
859 2501 891 2555 et
913 2491 1014 2557 Haut.
1038 2490 1111 2555 382.
1135 2490 1246 2558 Priore
1269 2493 1343 2558 loeo
1367 2492 1515 2557 Ritsche·

323 2604 386 2670 lius
407 2601 577 2670 ‘nostrum'
607 2604 660 2683 (z
677 2604 875 2682 nostrorum)
913 2604 1054 2688 scripsit.
1089 2605 1304 2687 posteriorem
1338 2603 1446 2669 attulit
1468 2605 1516 2668 ita

323 2727 359 2783 ut
382 2739 568 2802 pronomen
585 2712 660 2780 ‘isti'
679 2717 852 2781 omitteret.
876 2715 926 2781 Ac
941 2737 977 2780 re
992 2739 1072 2780 vera
1087 2737 1201 2780 vocem
1223 2737 1322 2802 quam
1338 2717 1517 2782 omiserunt

325 2828 423 2897 ΒΕΘ
445 2829 540 2892 eiecit
553 2828 678 2906 Fleck,
708 2829 763 2914 qui
793 2851 866 2892 eam
888 2849 947 2911 per
974 2826 1233 2913 dittographiam
1261 2828 1400 2894 voculae
1429 2838 1517 2894 ante.

325 2942 473 3007 cedentis
492 2935 668 3005 ‘studuisti'
701 2947 807 3004 ortam
830 2961 903 3002 esse
930 2947 1021 3003 ratus
1044 2959 1176 3004 versum
1200 2939 1246 3003 sic
1270 2938 1378 3004 dedit:
1397 2936 1446 3006 ‘id
1473 2951 1516 3006 tu

325 3075 425 3139 quom
448 3052 611 3134 studuisti,
634 3051 761 3116 formae
784 3059 821 3115 nt
842 3051 950 3115 mdres
974 3050 1161 3116 consimiles
1184 3048 1310 3117 forent?
1336 3051 1403 3118 Sed
1425 3053 1515 3138 quod

325 3166 431 3228 virum
459 3164 686 3229 doctissimum
722 3162 878 3245 offendit,
915 3162 996 3229 mihi
1030 3163 1162 3248 quidem
1197 3163 1348 3230 consulto
1383 3174 1514 3249 poetam

326 3277 498 3362 scripsisse
509 3297 703 3360 persuasum
726 3283 784 3340 est.
801 3275 873 3340 Iam
884 3298 962 3342 vero
977 3277 1004 3340 si
1017 3275 1110 3341 locos
1126 3275 1244 3361 quibus
1257 3299 1310 3340 res
1326 3297 1400 3340 cum
1416 3276 1513 3342 rebus

325 3395 558 3472 comparantur
588 3385 832 3471 perlustramus,
870 3386 923 3452 bis
952 3383 1104 3452 ‘monstri
1139 3384 1250 3452 simile’
1276 3397 1309 3452 et
1331 3386 1383 3452 bis
1402 3385 1512 3454 ‘huius

327 3495 438 3564 simile'
463 3508 595 3564 exstare
616 3498 777 3575 videmus,
802 3507 902 3584 atque
923 3500 958 3564 in
979 3507 1072 3564 tanta
1101 3498 1327 3582 exemplorum
1350 3502 1515 3583 paucitate

326 3611 477 3696 equidem
492 3631 618 3687 vereor,
641 3633 683 3674 ne
705 3611 824 3676 iniuria
851 3609 982 3676 duobus
1010 3610 1075 3675 illis
1090 3609 1184 3678 ¹locis
1214 3611 1361 3676 dativum
1390 3611 1515 3678 abiudi-

326 3725 450 3789 oaverit
465 3722 663 3788 Ritscbelius
679 3723 843 3788 Terentio.
867 3721 964 3787 Adde
986 3723 1075 3808 quod
1090 3723 1277 3807 genetivum
1295 3719 1363 3787 ‘isti
1378 3719 1512 3788 formae’

325 3833 424 3919 plane
454 3834 552 3900 simili
581 3834 732 3920 exemplo
756 3834 872 3900 fulcire
899 3857 1059 3920 nequeas,
1099 3857 1172 3899 cum
1201 3833 1285 3900 hanc
1314 3837 1515 3920 pronominis

325 3944 465 4010 formam
481 3968 555 4012 oum
565 3941 675 4012 ‘modi'
702 3944 927 4012 tantummodo
945 3949 1156 4012 coniunctam
1170 3945 1352 4012 habeamus
1369 3969 1515 4032 comper-

325 4066 394 4122 tam
420 4057 474 4138 (of.
490 4056 646 4122 Buechel.
675 4080 707 4143 p.
732 4056 772 4122 78
796 4067 829 4123 et
850 4057 1006 4124 Ritschel.
1031 4081 1083 4142 op.
1107 4059 1141 4122 ΙΙ
1163 4056 1252 4137 692).
1275 4058 1426 4144 Denique
1448 4059 1515 4124 Rit-

327 4166 470 4233 schelius
494 4170 566 4254 ipse
580 4168 602 4233 l.
617 4191 648 4233 c.
666 4168 727 4234 581
745 4171 924 4256 antiquitus
949 4171 1096 4236 dativum
1111 4192 1185 4236 cum
1200 4170 1362 4236 adieetivo
1375 4167 1511 4236 ‘similis'

327 4281 536 4345 coniunctum
552 4282 585 4344 in
601 4280 731 4346 dicendi
746 4302 865 4365 genere
880 4282 974 4365 gravi
992 4283 1146 4347 usitatum
1161 4281 1264 4348 fuisse
1279 4283 1433 4348 concedit
1459 4282 1511 4362 (cf.

325 4393 516 4457 Ennianum
538 4391 620 4458 illud
643 4391 717 4476 [sat.
740 4392 783 4456 45
805 4393 930 4478 Vahl.]:
950 4391 1059 4458 ‘simia
1076 4417 1174 4479 quam
1198 4393 1311 4460 similis
1327 4395 1514 4478 turpissima

326 4504 433 4570 bestia
455 4500 593 4585 nobis’):
622 4505 699 4571 licet
720 4505 820 4589 igitur
847 4506 1048 4572 concedatur
1074 4508 1109 4572 in
1137 4509 1337 4574 comicorum
1366 4527 1514 4574 sermone
