3360 5188
822 418 1037 484 ..4ss-

333 613 411 676 fecti
433 613 659 677 coniunctivus
683 618 819 696 quartae
842 612 1083 694 coniugationis
1106 611 1178 695 lege
1202 613 1363 680 formatur
1384 615 1520 682 HautI

333 723 363 806 1,
387 721 427 786 91
447 721 554 805 (143);
574 717 776 788 exercirent'.
788 722 911 787 Verum
926 723 960 786 in
976 722 1146 788 codicibus
1161 725 1280 809 legitur
1290 722 1517 811 ‘exercerent’,

332 834 513 901 Palmerius
537 845 646 902 autem
680 835 820 900 coniecit
852 830 1074 900 ‘exsercirent'
1100 834 1229 901 collatis
1260 838 1361 904 schol.
1385 839 1519 905 Bemb.:

328 943 532 1012 rexercerent
554 941 757 1011 resarcirent
783 954 815 1009 et
836 945 928 1010 Paul.
966 947 1059 1010 Festi
1082 968 1114 1032 p.
1139 945 1198 1010 81:
1218 943 1425 1033 ‘exercirent
1451 974 1518 1016 sar-

336 1053 458 1122 cirent'.
504 1057 619 1142 Itaque
648 1053 852 1122 ‘exercitent'
878 1059 1099 1142 compositum
1131 1056 1224 1123 verbi
1259 1061 1423 1128 sarciendi
1448 1086 1521 1129 esse

332 1169 405 1254 ipsa
427 1168 500 1234 luce
523 1168 643 1234 clarius
666 1178 726 1234 est.
752 1243 755 1253 Ι

434 1333 464 1399 4.
489 1295 595 1419 Stirps
622 1335 778 1419 temporis
801 1335 983 1419 praesentis
1006 1332 1098 1399 verbi
1117 1331 1265 1420 ‘attingo'
1289 1359 1357 1402 non
1380 1336 1523 1403 adaucta

334 1447 454 1531 legitur
476 1445 579 1512 Andr.
605 1444 682 1510 789:

394 1583 485 1650 ‘novi
509 1587 638 1652 omnem
659 1609 739 1652 rem.
762 1596 811 1651 est
835 1587 923 1654 Simo
946 1586 1057 1652 intus?
1079 1587 1150 1652 Est.
1173 1587 1222 1652 Ne
1245 1609 1296 1652 me
1319 1584 1455 1672 attigas?

335 1723 418 1788 Miro
436 1733 547 1790 autem
562 1725 659 1790 modo
685 1734 717 1790 et
730 1725 806 1791 libri
823 1721 991 1811 ‘attingas'
1018 1725 1177 1812 praebent
1197 1748 1303 1810 neque
1319 1726 1524 1810 grammatici

335 1835 475 1902 formam
497 1858 595 1900 versu
618 1837 829 1921 postulatam,
853 1859 951 1922 quam
966 1839 1175 1904 resuscitavit
1190 1838 1381 1922 Palmarius‚
1406 1839 1525 1922 legisse

335 1949 496 2031 videntur,
532 1970 607 2014 cum
629 1948 709 2013 nihil
733 1948 773 2016 de
798 1971 837 2014 ea
865 1947 1018 2033 habeant,
1056 1951 1205 2035 quamvis
1234 1950 1369 2016 laudent
1390 1950 1525 2015 lerose

335 2062 453 2127 Plauto
478 2062 614 2146 aliisque
636 2063 757 2146 petitos
793 2061 1147 2143 (01.11615111412).
1194 2063 1323 2144 Quodsi
1355 2063 1439 2128 Hec.
1463 2060 1526 2125 136

335 2173 469 2258 legitur:
489 2170 599 2238 ‘nocte
622 2172 679 2238 illa
694 2174 799 2259 prima
815 2174 974 2257 virginem
988 2197 1055 2238 non
1071 2171 1197 2260 attigit',
1222 2175 1332 2240 nescio
1350 2196 1394 2240 an
1410 2175 1526 2239 ecdem

335 2288 434 2356 modo
459 2309 615 2372 praesens
643 2286 684 2350 sit
707 2285 964 2370 agnoscendum.
1000 2286 1087 2352 Nam
1109 2285 1269 2352 Parmeno
1306 2286 1360 2371 qui
1381 2285 1526 2372 loquitur

336 2408 408 2466 tota
431 2400 578 2464 oratione
601 2397 766 2482 praesenti
790 2397 878 2482 quod
902 2397 1020 2462 dicitur
1041 2397 1198 2464 historico
1223 2399 1332 2480 utitur,
1353 2399 1395 2462 cf.
1412 2421 1443 2462 v.
1463 2395 1526 2461 135

333 2507 499 2593 ‘deducit’‚
524 2532 555 2575 v.
575 2509 637 2572 144
654 2506 815 2593 ‘seducit'‚
839 2533 869 2574 v.
889 2509 950 2572 145
968 2506 1122 2600 ‘narrat',¹
1138 2520 1171 2576 et
1186 2509 1317 2575 dicendi
1331 2510 1430 2575 finem
1446 2510 1526 2574 facit

338 2645 388 2705 eo,
423 2632 459 2687 ut
481 2623 589 2708 ipsum
612 2622 653 2687 de
677 2645 740 2708 quo
765 2631 878 2686 narrat
911 2619 1156 2688 adulescentem
1191 2622 1295 2688 faciat
1327 2622 1525 2707 loquentem.

337 2733 441 2800 Vides
464 2743 568 2798 totum
592 2734 748 2798 orationis
779 2744 927 2800 tenorem
950 2732 1093 2819 quodam
1115 2733 1214 2802 modo
1238 2734 1463 2817 languescere,
1501 2735 1527 2798 si

334 2841 463 2930 ‘attigit'
488 2846 668 2930 perfeetum
692 2869 764 2912 esse
790 2849 972 2912 statuimus.
997 2845 1063 2911 Sed
1086 2854 1260 2932 utcumque
1283 2869 1335 2912 res
1359 2845 1526 2929 sehabet,

339 2962 527 3026 Terentium
541 2959 682 3026 formam
705 2981 771 3023 non
794 2958 983 3025 adhibuisse
1015 2960 1078 3024 nisi
1111 2959 1151 3025 in
1186 2958 1274 3023 fine
1307 2981 1452 3025 versus
1486 2980 1528 3022 ex

338 3084 478 3159 utroque
511 3071 585 3137 loco
610 3081 758 3164 apparet.
785 3070 885 3156 Apud
913 3069 1066 3138 Plautum
1089 3055 1199 3136 autem
1223 3072 1338 3136 sexies.
1363 3071 1432 3136 fere
1466 3070 1528 3136 hoc

339 3184 475 3249 verbum
487 3183 527 3266 27)
561 3184 680 3268 legitur
717 3183 761 3248 ad
797 3194 921 3248 certam
955 3206 1069 3249 versus
1104 3184 1215 3249 sedem
1248 3205 1315 3248 non
1348 3184 1528 3263 astrictum,

343 3297 384 3362 ef.
408 3297 490 3362 Brix
512 3297 582 3361 Mil.
608 3293 691 3358 1092
714 3305 746 3360 et
768 3296 898 3360 Lorenz
923 3295 1021 3360 Most.
1044 3292 1118 3359 453.

444 3460 474 3525 5.
498 3460 587 3524 Part.
612 3459 693 3546 peri.
717 3482 805 3545 pass.
824 3456 980 3524 ‘finctum’
1008 3457 1076 3524 solo
1101 3459 1216 3524 codice
1239 3458 1271 3522 A
1285 3458 1528 3523 -Priseianus

344 3575 399 3659 qui
421 3594 553 3638 versum
575 3571 627 3636 bis
650 3571 764 3636 laudat
787 3581 818 3636 et
840 3571 993 3636 Donatus
1017 3569 1176 3656 praebent
1198 3570 1340 3636 formam
1362 3569 1529 3654 vulgarem

340 3722 383 3730 —
405 3684 544 3750 traditur
566 3684 650 3764 Eun.
676 3681 754 3745 104:
784 3679 849 3747 ‘sin
871 3683 989 3748 falsum
1023 3692 1080 3748 aut
1111 3706 1233 3748 vanum
1262 3690 1320 3746 ant
1349 3681 1528 3764 finctumst,

344 3797 498 3861 continuo
524 3791 672 3884 palamstss
698 3803 731 3860 et
749 3791 909 3860 ‘nanctus'
935 3794 1036 3860 Andr.
1054 3793 1126 3878 967,
1151 3795 1235 3858 Eun.
1251 3791 1326 3875 556,
1350 3793 1433 3857 Hec.
1457 3792 1529 3858 681.

339 3903 478 3973 ‘nactus'
516 3909 651 3972 veroin
676 3906 826 3971 omnibus
852 3905 944 3972 libris
966 3906 1086 3990 legitur
1107 3905 1238 3970 Phorm.
1274 3903 1325 3987 81,
1350 3904 1433 3968 Hes.
1457 3901 1530 3978 825,

342 4017 407 4083 Ad.
430 4017 503 4100 421,
526 4020 560 4082 in
583 4019 747 4104 plerisque
770 4026 868 4103 atque
891 4019 931 4083 iis
956 4019 1089 4103 optimis
1111 4017 1242 4082 Phorm.
1269 4013 1339 4098 168,
1375 4014 1458 4080 Hec.
1478 4013 1529 4097 65,

345 4127 416 4194 170.
454 4130 506 4194 De
529 4130 644 4195 Plauto
669 4129 710 4194 cf.
733 4132 816 4197 Brix
838 4129 927 4195 Trin.
952 4128 993 4192 64
1016 4137 1047 4193 et
1073 4127 1142 4212 114,
1168 4127 1301 4194 Schultz
1331 4125 1352 4190 l.
1385 4148 1414 4191 e.
1445 4150 1477 4213 p.
1501 4125 1530 4190 4.

447 4353 477 4420 ²⁷)
493 4353 534 4404 De
554 4369 606 4420 quo
634 4356 741 4419 copiose
773 4358 886 4419 egerunt
913 4352 945 4404 G.
965 4352 1080 4415 Curtius,
1113 4351 1145 4402 de
1177 4351 1271 4401 aoristi
1301 4348 1380 4400 latini
1404 4349 1528 4415 reliquiis

343 4441 434 4494 Kiliae
453 4440 518 4492 1857
539 4446 565 4491 et
584 4439 782 4504 Schleichsrus,
802 4439 947 4505 compend.
967 4438 1015 4490 der
1032 4439 1118 4504 vergi.
1137 4437 1285 4489 Grammat.
1304 4453 1330 4501 p.
1351 4435 1411 4492 755.
