3360 5188
666 467 878 531 ..27-

180 662 259 726 riter
292 659 334 725 ab
369 680 418 741 eo,
453 658 542 742 quod
575 666 625 722 est
647 656 770 736 hilaris,
806 656 908 722 hilare
936 658 1052 722 'autem
1086 657 1127 722 ab
1162 658 1294 740 hilarus,
1329 667 1368 722 ut

180 771 338 838 Helonius
361 771 475 836 Acron
503 771 537 835 in
559 769 692 836 Terenti
714 768 886 855 Adelphis,
920 770 977 835 ubi
999 770 1172 836 Terentius
1207 771 1366 854 „hilarem

179 884 266 950 hunc
290 883 478 948 sumamus“
500 883 606 968 inquit
627 881 768 966 „diem“,
806 882 864 948 sed
888 892 920 948 et
941 881 1099 948 Afranius
1133 883 1166 947 in
1190 881 1367 947 Sororibus

180 1017 289 1079 „nunc
314 1019 348 1061 se
372 995 605 1082 obsequentem
628 1004 727 1080 atque
749 993 886 1060 hilarem
903 990 1100 1080 praebeat“.'
1127 993 1275 1080 Utroque
1290 993 1364 1058 loco

175 1105 332 1174 ‘hilarem'
357 1107 434 1173 ferri
456 1130 522 1172 non
546 1128 644 1192 posse
659 1109 882 1194 unusquisque
903 1107 1001 1190 videt,
1026 1097 1182 1193 quam'ob
1199 1129 1268 1173 rem
1289 1106 1367 1172 inde

181 1245 201 1286 a
228 1220 388 1286 Palmerio
423 1221 485 1284 viri
521 1221 611 1286 docti
643 1223 752 1305 priore
786 1221 986 1305 scripserunt
1015 1214 1151 1303 ‘hilare',
1186 1220 1367 1304 posteriore

176 1328 336 1398 ‘hilarum'
360 1331 412 1397 vel
432 1328 604 1416 ‘hilaram'‚
627 1331 830 1397 Ribbeckius
853 1330 907 1396 vel
928 1332 982 1396 hio
1001 1328 1124 1396 ‘hilare'
1157 1330 1241 1408 (soil.
1261 1327 1368 1396 ‘obse-

178 1443 366 1530 quentem').
391 1445 458 1510 Sed
472 1445 505 1510 hi
520 1443 736 1528 neglexerunt
759 1439 1091 1508 adverbium‘hilare'
1117 1466 1191 1508 csse
1208 1444 1366 1508 usitatum

177 1565 276 1641 atque
288 1555 353 1641 legi
365 1555 546 1620 identidem
569 1555 658 1641 apud
674 1552 866 1619 Ciceronem
880 1554 1026 1640 aliosque
1046 1553 1101 1636 (of.
1114 1553 1205 1620 Neue
1221 1553 1265 1616 11²
1278 1551 1364 1637 660),

178 1678 293 1733 contra
315 1690 449 1754 perraro
465 1669 628 1753 reperitur
638 1661 817 1732 ‘hilariter'.
840 1667 927 1732 Num
942 1678 978 1731 tu
994 1668 1091 1751 igitur
1107 1676 1203 1751 putas
1226 1665 1366 1732 formam

178 1781 383 1845 tritissimam
399 1778 558 1865 exemplis
575 1778 865 1864 comprobaturum
878 1778 981 1844 fuisse
998 1776 1205 1844 Charisium?
1221 1777 1366 1842 Minime.

178 1891 283 1957 Immo
320 1891 397 1955 olim
431 1891 630 1956 adiectivum
659 1886 804 1955 ‘hilarus'
840 1890 1017 1974 exstitisse,
1052 1890 1139 1955 unde
1173 1889 1367 1955 adverbium

179 2003 267 2068 istud
305 2005 461 2069 usitatum
496 1999 619 2066 ‘hilare'
662 2004 821 2087 originem
856 2002 996 2085 duxerit,
1031 2002 1256 2067 demonstrare
1285 2001 1367 2066 vult.

179 2116 296 2201 Itaque
319 2115 452 2180 Terenti
475 2115 547 2180 loco
571 2113 684 2180 Acron
717 2116 788 2179 sine
810 2114 910 2179 dubio
936 2109 1097 2180 ‘hilarum'
1125 2115 1255 2200 scripsit
1279 2125 1312 2178 ot
1333 2114 1368 2178 in

179 2226 296 2291 Afrani
318 2249 417 2292 versu
441 2222 600 2292 ‘hilaram'
627 2225 836 2291 scribendum
870 2227 940 2309 erit,
965 2227 992 2290 si
1016 2249 1091 2292 eum
1113 2228 1146 2291 iu
1165 2221 1363 2292 ‘Sororibus'

179 2339 345 2406 exstitisse
389 2349 591 2425 reputamus.
636 2337 691 2402 Ex
730 2336 797 2422 bis,
844 2360 927 2423 quae
964 2337 1028 2402 buc
1073 2359 1176 2423 usque
1222 2339 1367 2425 disputa·

177 2453 301 2535 vimus,
340 2450 534 2516 adverbium
567 2447 691 2516 ‘hilare’
726 2473 792 2516 non
824 2451 903 2515 satis
941 2449 1073 2516 defendi
1103 2473 1202 2534 posse
1233 2451 1367 2516 Terenti

177 2563 252 2628 loco
282 2570 430 2648 apparet.
472 2562 585 2628 Potest
623 2571 733 2627 autem
771 2561 906 2627 dubium
943 2584 1014 2626 esse
1059 2572 1168 2628 utrum
1201 2558 1363 2628 ‘hilarum'

128 2705 133 2716 ·
178 2698 222 2740 an
240 2670 397 2743 ‘hilarem'
422 2675 464 2738 sit
487 2673 706 2739 scribendum.
729 2673 815 2738 Nam
837 2673 964 2738 Probus
982 2671 1075 2739 Oath.
1100 2671 1150 2757 15,
1176 2673 1244 2741 9Κ
1267 2675 1364 2740 dicit:

173 2783 302 2852 ‘hilaris
326 2787 390 2871 legi
413 2796 445 2852 et
466 2786 591 2852 hilarus
614 2788 649 2851 in
672 2782 845 2851 Terentio'.
868 2786 985 2870 Itaque
1010 2788 1037 2853 si
1062 2789 1134 2872 quis
1154 2787 1254 2874 Probi
1277 2791 1366 2854 testi-

176 2902 324 2964 monium
347 2897 449 2984 pluris
472 2898 584 2982 faciat,
608 2920 705 2984 quam
730 2898 849 2963 Heleni
870 2895 1023 2981 Aeronis,
1046 2901 1075 2963 is
1097 2922 1173 2964 cum
1195 2900 1366 2966 codicibus

172 3007 332 3076 ‘hilarem'
359 3012 482 3077 scribat
503 3033 639 3076 necesse
663 3021 723 3076 est.
747 3010 876 3076 Eodem
898 3011 998 3076 modo
1020 3009 1140 3096 legitur
1153 3009 1258 3077 Andr.
1284 3010 1365 3076 782:

72 3167 74 3171 -
171 3121 381 3189 ‘ioculirium
403 3124 437 3186 in
459 3123 584 3189 malum
604 3124 748 3188 insciens
771 3145 876 3208 paene
899 3119 1021 3207 incidi',
1047 3145 1122 3188 cum
1136 3123 1267 3189 Phorm.
1300 3123 1367 3188 134

170 3232 368 3300 ‘iocularem
392 3232 573 3301 audaciam'
598 3237 788 3320 reperimus.

281 3345 383 3411 Haud
404 3355 493 3411 recte
517 3349 624 3431 egisse
646 3347 726 3412 mihi
748 3347 879 3412 videtur
900 3345 1183 3432 Umpfenbaohius
1219 3348 1365 3414 scribens

174 3459 262 3523 Eun.
288 3457 352 3520 314
386 3479 460 3522 cum
494 3458 665 3525 codicibus
704 3462 860 3540 (ceterum
883 3461 917 3525 in
938 3458 970 3524 A
992 3460 1185 3527 membrana
1219 3460 1366 3527 lacerata

174 3573 258 3650 estl:
294 3566 344 3635 ‘ut
366 3570 506 3654 graciles
530 3568 633 3655 sient’,
669 3594 744 3638 cum
776 3571 904 3637 Probus
929 3571 1021 3638 Oath.
1057 3595 1089 3658 p.
1120 3573 1172 3657 23,
1203 3572 1299 3636 261<
1334 3583 1367 3638 et

174 3683 391 3768 Eugraphius
422 3679 590 3767 ‘gracilae'
631 3684 804 3770 legendum
852 3707 924 3750 esse
962 3686 1179 3770 contendant,
1222 3687 1366 3770 itemque

173 3794 342 3877 Donatus,
378 3817 474 3879 quem
499 3796 687 3880 scripsisse:
717 3790 767 3860 ‘ut
788 3795 932 3879 gracilae
967 3792 1048 3878 (es
1079 3796 1188 3878 codd.)
1214 3795 1366 3879 sientlA

175 3907 337 3992 singulari
371 3905 498 3992 gracile
533 3903 605 3988 (‘-is’
632 3908 743 3989 codd.)
772 3910 863 3973 venit
884 3909 966 3974 haec
999 3904 1182 3974 declinatio'
1218 3907 1292 3972 luce
1316 3919 1366 3973 est

173 4019 309 4102 clarius,
335 4039 409 4083 oum
424 4018 531 4084 forma
549 4015 702 4104 ‘gracilis'
721 4021 952 4086 notissima-
966 4040 1044 4084 nam
1060 4042 1120 4084 nos
1137 4028 1224 4084 certe
1240 4020 1366 4086 formae

171 4127 341 4218 ‘gracilus’
377 4133 528 4197 notitiam
550 4135 606 4197 uui
629 4134 761 4198 Terenti
794 4133 869 4199 loco
901 4134 1057 4199 debemus
1080 4169 1123 4180 -
1146 4133 1366 4218 explicatione

172 4267 241 4310 non
264 4252 373 4329 egeat.
400 4241 550 4309 Ceterum
574 4245 715 4310 formam
737 4247 927 4311 Terentium
949 4245 1057 4329 ipsum
1079 4245 1216 4310 finxisse
1238 4244 1366 4311 Probus

171 4359 282 4425 dicere
307 4353 436 4420 videtur
459 4354 504 4441 (p.
528 4354 599 4434 23):
617 4353 802 4423 ‘Terentius
825 4352 949 4440 nove',
973 4356 1062 4442 quod
1085 4365 1136 4424 sat
1159 4355 1293 4423 difficile
1316 4365 1367 4421 est

172 4469 369 4550 diiudicatu‚
393 4489 471 4531 nam
493 4467 659 4533 adiectiva
681 4469 715 4533 in
734 4465 799 4552 ‘·is,
824 4469 875 4551 -is,
899 4463 937 4531 -e⁷
962 4467 1085 4533 formas
1124 4467 1304 4533 secundum
1333 4467 1367 4532 Il
