3360 5188
753 463 1021 530 ·-30-

425 657 551 740 Quodsi
574 657 676 722 Haut.
700 654 763 720 923
786 679 861 720 cum
883 655 1111 721 Fleckeisenio
1136 679 1247 722 omnes
1270 655 1386 739 legunt
1403 650 1506 739 ‘potis

318 766 413 854 esse',
439 769 586 852 deloco,
623 770 771 856 quamvis
806 777 939 833 nostrae
963 767 1191 833 observationi
1214 791 1280 834 non
1304 767 1504 847 adversetur,

318 883 418 948 aliter
441 884 556 966 sentio,
581 903 654 946 cum
676 882 758 946 haec
782 880 912 945 dicendi
934 881 1019 945 ratio
1041 902 1109 945 non
1130 881 1312 966 reperiatur
1326 879 1390 943 nisi
1411 881 1507 943 raris-

320 996 402 1059 sime
437 995 490 1070 (of.
520 994 659 1060 Lorena'
681 993 800 1059 Pseud.
826 990 922 1074 1290)
960 1001 992 1057 51
1024 994 1095 1078 ipse
1129 993 1313 1058 Terentius·
1334 991 1419 1056 Eun.
1444 990 1506 1056 666

317 1103 471 1192 ‘potesse'
498 1106 597 1172 dicat.
620 1105 666 1171 At
690 1105 842 1171 codicum
863 1104 972 1187 lectio,
994 1104 1059 1170 nisi
1083 1104 1170 1190 quod
1192 1105 1227 1168 in
1242 1102 1274 1167 A
1289 1107 1346 1189 per
1363 1124 1505 1168 errorem

321 1219 440 1284 vocula
459 1215 511 1283 ‘te'
538 1220 660 1284 omissa
683 1227 742 1300 581,
768 1220 939 1303 aptissima
963 1226 1013 1286 est
1029 1227 1062 1285 et
1076 1218 1133 1283 illa
1152 1217 1380 1284 emendatione
1401 1215 1504 1282 multo

319 1330 446 1415 potior:

460 1439 583 1508 ‘nonne
606 1442 641 1508 ld
662 1442 863 1528 flagitiumst,
887 1452 927 1509 te
951 1442 1046 1508 aliis
1070 1442 1243 1509 consilium
1266 1441 1355 1525 dare,

467 1555 549 1620 foris
574 1557 697 1641 sapere,
721 1555 799 1620 tibi
821 1578 889 1621 non
911 1557 1009 1642 pdsse
1032 1564 1071 1620 te
1095 1549 1301 1620 auxiliarier'.

320 1666 418 1748 Quae
442 1668 618 1752 aptissima
641 1667 778 1733 chiasmi
800 1667 916 1752 figura,
942 1669 969 1732 si
992 1666 1256 1732 Fleckeisenium
1285 1684 1503 1750 sequeremur,

323 1801 458 1863 prorsus
482 1758 653 1846 deleretur.

425 1891 455 1956 5.
481 1892 602 1956 Forma
620 1887 797 1958 ‘necessus'
824 1892 951 1957 duobus
974 1891 1056 1957 locis
1074 1891 1188 1957 codice
1209 1888 1241 1954 A
1257 1889 1406 1972 traditur,
1432 1911 1506 1954 cum

321 2004 424 2068 ceteri
450 2003 525 2069 libri
547 2005 708 2090 praebent
724 2000 899 2069 ‘necesse'z

428 2117 513 2181 Eun.
537 2114 616 2181 998:
636 2112 724 2200 ‘nisi,
748 2118 824 2202 quia
840 2138 995 2182 necessus
1009 2115 1072 2180 fuit
1086 2115 1149 2180 hoc
1164 2115 1283 2199 facere,
1306 2114 1341 2180 id
1356 2110 1504 2198 gaddco',

427 2228 527 2293 Haut.
551 2225 630 2292 360:
650 2224 700 2293 ‘ut
724 2229 765 2293 sit
788 2251 952 2293 necessus.
976 2227 1094 2293 Merito
1118 2237 1150 2292 15
1173 2249 1258 2311 amc,
1283 2223 1408 2292 Clinia’.

319 2338 431 2426 Atque
443 2340 678 2405 Lachmannus
692 2341 735 2406 ad
751 2340 884 2405 Lucret.
903 2341 949 2405 Vl
965 2339 1028 2404 815
1043 2341 1143 2405 etiam
1159 2338 1262 2405 Andr.
1279 2338 1342 2403 372
1359 2339 1506 2404 codicem

319 2449 353 2513 A
372 2447 549 2518 ‘necessus'
574 2452 729 2518 habuisse
753 2453 953 2538 suspicatur:
980 2449 1091 2538 ‘quasi
1113 2474 1269 2517 necessus
1294 2452 1346 2534 stt,
1383 2453 1409 2514 si
1431 2449 1507 2513 huic

322 2585 389 2627 non
413 2563 479 2646 dat,
503 2566 536 2627 td
558 2563 649 2629 illam
672 2589 810 2632 uxorem
834 2561 972 2631 ducere'.
1010 2565 1199 2630 Terentium
1222 2565 1308 2629 enim
1332 2570 1407 2627 ante
1431 2583 1507 2625 con·

321 2684 479 2740 sonantes
491 2672 678 2760 ‘necessus',
703 2687 779 2744 ante
794 2678 928 2743 vocales
945 2673 1101 2743 ‘necesse'
1123 2675 1312 2742 adhibuisse
1328 2672 1507 2740 contendit.

323 2784 373 2851 Id
386 2787 474 2872 quod
496 2798 585 2854 recte
609 2811 644 2854 se
659 2788 781 2855 habere
803 2790 885 2882 locis
903 2790 1052 2855 omnibus
1072 2788 1219 2854 collectis
1241 2787 1399 2854 intellexi.
1424 2785 1508 2852 Sunt

319 2896 1507 2986 551515111155558855811155969,1075,Η551.209,Η55.304;

311 3007 464 3076 ‘necesse
486 3009 615 3078 habere'
640 3013 770 3078 Phorm.
797 3010 904 3096 2963
909 3036 1042 3079 necesse
1064 3009 1178 3079 habeo’
1205 3012 1269 3080 Ad
1292 3011 1345 3079 51.
1368 3012 1505 3078 Plautus

320 3122 385 3187 hac
407 3123 514 3190 forma
536 3146 699 3211 nusquam
722 3128 839 3191 utitur:
864 3135 933 3191 cert
934 3149 951 3192 e
967 3128 1001 3191 in
1017 3125 1188 3192 codicibus
1211 3125 1295 3191 baec
1311 3126 1418 3190 forma
1432 3147 1508 3189 nus-

319 3258 421 3321 quam
446 3236 565 3321 legitur
588 3246 620 3302 et
641 3238 738 3304 True.
763 3238 826 3301 222
849 3239 993 3323 Bergkio
1012 3239 1148 3304 debetur
1174 3239 1229 3320 (cf.
1258 3237 1441 3304 Schoellius
1465 3235 1509 3302 ad

320 3348 353 3412 h.
378 3370 426 3432 a,
462 3349 567 3433 etiarn}
588 3350 743 3416 Buechel.
773 3374 805 3435 p.
830 3351 869 3414 17
900 3375 973 3416 earn
996 3352 1113 3417 Plauto
1142 3352 1298 3434 vindicat,
1334 3352 1393 3417 sed
1414 3350 1507 3415 locos

324 3460 441 3544 quibus
464 3459 528 3546 legi
552 3484 624 3527 eam
647 3463 726 3528 velit
753 3485 820 3529 non
853 3464 988 3546 indicat,
1024 3473 1056 3528 et
1081 3461 1155 3531 Cas.
1186 3461 1259 3547 240,
1293 3463 1393 3529 Poen.
1424 3459 1507 3526 1233

319 3571 511 3658 Geppertus
535 3583 713 3659 praeeunte
735 3574 950 3640 Lachmanno
987 3561 1033 3640 sic
1069 3577 1201 3661 scripsit
1235 3585 1346 3661 aperte
1382 3574 1507 3639 dissua-

320 3684 476 3750 dentibus
500 3685 695 3770 codicibus.)
736 3684 858 3751 Contra
882 3689 1013 3772 saepius
1036 3687 1172 3753 Plautus
1191 3684 1383 3752 ‘necessum'
1408 3685 1509 3752 habet

328 3796 381 3878 (cf.
414 3798 578 3863 NeueIl²
603 3796 690 3883 100),
726 3799 814 3885 quod
847 3821 952 3884 neque
985 3800 1138 3865 Terentio
1172 3802 1375 3886 incognitum
1408 3801 1508 3865 fuisse

322 3909 485 3992 Donatus,
512 3913 539 3975 si
563 3911 614 3977 dis
636 3911 754 3996 placet,
780 3912 823 3977 ad
837 3913 922 3977 Eun.
939 3911 1002 3977 998
1019 3912 1136 3977 tradit:
1148 3908 1297 3977 ‘necesse
1312 3921 1362 3977 est
1377 3935 1507 3980 nomen.

324 4043 400 4084 nam
422 4044 578 4088 necessus
611 4025 757 4088 necessis
781 4033 813 4087 et
835 4025 1015 4088 necessitas
1045 4032 1077 4088 et
1098 4045 1271 4089 necessum
1292 4023 1414 4089 lectum
1436 4019 1506 4090 est'.

323 4132 463 4198 Vastam
486 4134 571 4198 hauc
592 4138 759 4200 variarum
774 4134 951 4200 lectionum
967 4138 1154 4220 congeriem
1169 4159 1204 4201 re
1219 4159 1299 4202 vera
1316 4137 1360 4202 ad
1375 4137 1508 4203 Terenti

323 4247 432 4310 locum
449 4247 615 4311 exstitisse
640 4248 675 4313 id
691 4248 805 4314 credat
819 4247 961 4314 Iudaeus
979 4247 1113 4335 Apella:
1138 4249 1239 4316 verba
1254 4252 1380 4316 Donati
1397 4249 1507 4337 qualia

323 4379 409 4423 nuno
432 4357 586 4442 leguntur
606 4359 738 4426 tolerari
754 4370 929 4447 nequeunt.
953 4362 1025 4447 Ego
1046 4398 1082 4410 -
1100 4385 1178 4427 nam
1199 4385 1317 4428 vocem
1335 4359 1504 4452 ‘necessis'

318 4472 499 4552 genuinam
522 4493 594 4538 esse
616 4495 715 4559 posse
738 4473 938 4541 Buechelero
962 4474 1017 4555 (cf.
1040 4473 1062 4540 l.
1079 4496 1107 4539 o.
1130 4497 1163 4560 p.
1189 4473 1242 4556 18)
1267 4475 1406 4541 libenter
1429 4496 1506 4540 oon-
