3360 5188
821 469 1034 533 ..14-

437 660 490 724 De
513 655 786 725 vooe‘intervias'
805 681 888 745 quae
903 659 1022 744 legitur
1037 659 1121 724 Eun.
1144 657 1207 722 629
1231 659 1273 722 of.
1290 659 1519 743 Buechelerus,

334 770 516 838 Grrmdriss
540 773 598 836 der
620 771 730 836 latoin.
753 770 963 837 Declination
995 773 1045 837 ed.
1069 770 1104 835 II
1125 793 1157 857 p.
1181 770 1223 834 63
1245 780 1277 835 et
1300 793 1384 856 quae
1407 781 1523 837 contra

332 882 569 948 Buechelerum
592 883 773 968 disputavit
796 883 898 948 Henr.
921 869 1093 965 Iordanus,
1116 882 1274 948 kritisohe
1289 883 1443 967 Beitrttge
1459 893 1521 949 otc.

335 1019 366 1080 p.
389 994 451 1059 271
480 1016 550 1080 sqq.

436 1107 576 1172 Formas
592 1107 735 1191 genetivi
751 1108 784 1171 in
799 1116 846 1170 -ai
862 1106 1038 1172 distractas
1054 1107 1186 1173 codices
1198 1130 1303 1192 neque
1320 1105 1463 1172 Plautini
1483 1105 1518 1187 ¹¹)

333 1219 635 1305 nequeTerantiani
647 1217 815 1304 praebent.
831 1219 987 1284 Attamen
1003 1241 1059 1284 eas
1075 1219 1192 1285 Plauto
1215 1219 1433 1285 vindicandas
1450 1241 1522 1283 esse

334 1353 447 1396 omnes
480 1332 543 1396 viri
577 1331 666 1396 docti
700 1332 927 1415 consentiunt,
963 1353 1163 1417 quamquam
1195 1333 1365 1396 verissime
1398 1332 1523 1395 monuit

333 1443 554 1509 Buechelerus
577 1442 599 1507 l.
623 1465 651 1507 o.
674 1465 706 1528 p.
737 1439 780 1506 64
806 1442 896 1508 haud
928 1443 975 1507 ita
1006 1441 1209 1528 frequentem
1238 1443 1328 1528 apud
1351 1444 1521 1508 scaenicos

333 1578 446 1621 earum
478 1555 582 1620 fuisse
612 1576 718 1620 usum.
761 1554 906 1635 (Brixius
939 1554 983 1620 ad
1005 1555 1183 1620 Trinumm.
1219 1551 1281 1617 359
1315 1556 1432 1640 viginti
1454 1555 1522 1620 fere

335 1671 486 1754 quinque,
511 1669 692 1733 Lorenaius
716 1668 760 1733 ad
781 1667 849 1732 Mil.
873 1666 916 1732 84
938 1667 1201 1754 quattuordecim
1223 1667 1305 1733 locis
1325 1668 1467 1733 formam
1489 1670 1523 1731 in

333 1780 441 1845 Plauti
456 1780 636 1845 comoediis
651 1778 826 1863 legendam
842 1802 914 1844 esse
931 1781 1137 1860 statuerunt.)
1157 1781 1195 1844 In
1211 1780 1364 1845 Terentio
1382 1781 1522 1865 quinque

334 1891 416 1955 locis
431 1891 600 1957 Bentleius
615 1891 757 1955 formam
771 1891 953 1976 reponebat
969 1891 1072 1957 Andr.
1104 1889 1185 1955 439:
1212 1887 1389 1977 ‘hospitai',
1421 1891 1522 1956 Haut.

333 1999 414 2065 515:
434 1997 586 2084 ‘Cliniai’,
610 1999 654 2067 ib.
679 1999 757 2064 893:
774 1997 942 2086 ‘sponsai',
957 2001 1088 2067 Phorm.
1105 1999 1184 2065 597:
1203 1998 1411 2085 ‘Phaedriai',
1435 2002 1517 2066 Heo.

335 2114 458 2198 prolI
489 2114 525 2176 l:
550 2109 710 2178 ‘fabulai'.
756 2113 865 2200 Atque
899 2137 941 2179 ex
974 2124 1068 2198 parte
1098 2114 1213 2181 saltem
1241 2115 1271 2179 ei
1294 2135 1449 2180 assensus
1472 2121 1522 2177 est

334 2225 568 2291 Lachmannus
591 2226 635 2291 ad
650 2226 782 2290 Lucret.
805 2224 945 2290 111374.
969 2226 1096 2291 Primus
1120 2226 1295 2292 eiusmodi
1318 2227 1522 2311 genetivosa

332 2339 485 2404 Terentio
503 2336 704 2402 abiudicavit
725 2335 924 2402 Ritsohelius
948 2337 1043 2422 proll.
1060 2361 1092 2422 p.
1110 2335 1296 2403 CCCXXV
1319 2360 1399 2423 sqq„
1425 2359 1521 2424 quem

337 2459 468 2515 secutus
502 2459 552 2515 est
585 2451 670 2514 inter
703 2448 878 2534 plerosque
900 2449 1133 2515 Buechelerus.
1155 2449 1207 2516 Ao
1237 2459 1364 2532 ceteros
1387 2450 1523 2514 locosa

334 2560 482 2627 Bentloio
505 2570 685 2646 temptatos
714 2562 950 2646 praetermitte,
981 2562 1022 2627 do
1047 2561 1164 2648 quibus
1191 2561 1288 2626 hodie
1311 2583 1406 2627 nemo
1432 2560 1524 2627 dubi·

334 2684 398 2758 tct3
422 2697 506 2740 unus
529 2682 657 2738 tantum
679 2695 805 2757 versus,
844 2682 893 2738 est
928 2682 1037 2738 autem
1071 2674 1173 2739 Haut.
1203 2671 1275 2758 515,
1310 2672 1470 2740 medellas
1504 2695 1524 2738 a

335 2786 484 2853 Bentleio
509 2785 676 2851 adhibitae
699 2785 866 2870 quandam
888 2788 958 2850 veri
982 2787 1124 2871 speciem
1152 2786 1268 2850 afferre
1290 2786 1436 2853 videtur:

488 2920 587 2987 ‘Num
611 2925 663 2995 me
684 2921 803 2986 fefellit
824 2921 922 2987 hosce
945 2921 980 2986 id
1002 2922 1149 2988 struere?
1171 2922 1327 2988 videlicet

503 3034 563 3100 Ille
588 3033 706 3100 Olmiai
731 3037 842 3100 servos
866 3034 1087 3099 tardiusculus
1112 3030 1180 3100 est'.

335 3173 424 3238 Nihil
457 3173 544 3238 enim
572 3174 712 3236 mutavit
748 3173 800 3237 vir
830 3175 1078 3258 sagacissimus,
1113 3173 1177 3237 nisi
1206 3173 1296 3258 quod
1329 3181 1366 3239 ut
1390 3194 1522 3238 versum

336 3285 480 3350 efficeret
496 3280 636 3349 ‘Cliniai'
661 3307 721 3370 pro
739 3281 885 3352 ‘Cliniae’
912 3286 1053 3370 scripsit.
1084 3281 1208 3349 Contra
1229 3284 1388 3350 Ritscheli
1418 3308 1524 3351 emen-

335 3399 436 3480 datio,
478 3397 533 3482 qui
568 3395 682 3461 addita
716 3418 798 3462 voce
827 3393 925 3482 ‘quia'
951 3405 984 3463 et
1004 3396 1114 3461 verbis
1148 3398 1357 3483 transpositis
1393 3398 1524 3482 scripsit

331 3507 423 3594 ‘quia
446 3505 572 3574 Cliniae
594 3507 648 3572 illo
672 3530 785 3573 servos
808 3505 889 3592 etos,
912 3508 991 3572 mihi
1008 3530 1075 3573 non
1090 3508 1254 3574 satisfacit
1268 3531 1373 3594 neque
1389 3531 1526 3594 possum

336 3622 399 3686 hac
423 3629 511 3685 certe
539 3623 574 3684 in
595 3643 631 3685 re
652 3619 891 3707 reprehendere
918 3619 1231 3706 Umpfenbaohium‚
1271 3623 1326 3707 qui
1341 3622 1526 3687 Bentleium

336 3757 435 3820 quam
467 3732 681 3798 Ritscholium
719 3735 811 3819 sequi
846 3733 1007 3798 maluerit.
1054 3732 1098 3798 At
1134 3735 1263 3818 egregie
1297 3734 1430 3798 Brixius
1469 3734 1527 3816 (ad

335 3847 424 3910 Trin.
448 3843 524 3927 359)
549 3845 818 3911 locumsanasse
846 3845 976 3910 videtur
1001 3845 1163 3939 scribens:
1190 3842 1258 3911 ‘ille
1287 3846 1527 3912 adulescen-

335 3960 399 4024 tis
423 3981 536 4024 servos
560 3953 814 4040 tardiusculust',
839 3979 916 4021 nam
939 3960 985 4021 ita
1008 3956 1098 4042 loqui
1121 3958 1254 4023 Terenti
1276 3957 1398 4042 fuisse,
1438 3981 1527 4025 com·

337 4071 446 4158 plures
482 4069 699 4155 comprobant
731 4068 806 4153 loci,
842 4093 859 4134 e
894 4069 1011 4155 quibus
1044 4069 1077 4134 hi
1113 4069 1278 4137 sufficiant
1307 4071 1408 4138 Haut.
1442 4068 1525 4135 530:

332 4181 445 4247 ‘istum
483 4179 648 4247 servolum
686 4182 758 4247 dico
794 4176 1035 4265 adulescentis',
1065 4204 1097 4246 v.
1126 4178 1205 4245 546:
1232 4178 1281 4246 ‘at
1315 4191 1349 4247 te
1373 4183 1525 4249 adiutare

440 4392 472 4457 ¹¹)
491 4393 551 4446 Nisi
575 4396 646 4462 quod
668 4398 753 4453 Poon.
769 4397 837 4463 prol.
867 4396 899 4446 51
919 4397 965 4447 ΒΟ
996 4398 1128 4464 praebent
1156 4391 1322 4448 ‘comoediai'
1352 4399 1408 4463 (vel
1434 4399 1528 4465 potius

335 4472 508 4532 ‘comoediais
528 4476 652 4534 inodiosi’
673 4499 721 4548 pro
739 4476 899 4534 ‘comoediai
917 4484 960 4534 sin
979 4483 1040 4535 odio
1060 4477 1124 4550 cst’).
