3360 5188
790 461 1002 525 -16-

304 655 425 739 partim
440 661 586 717 veterum
609 651 804 718 testimoniis
820 649 945 716 formae
968 652 1000 715 in
1025 673 1056 716 ·e
1079 659 1230 716 servatae
1246 660 1321 716 sunt
1343 653 1385 716 01.
1408 651 1489 718 Brix

304 767 394 830 Trin.
418 763 490 848 117,
528 764 660 830 Lorenz
683 762 802 828 Pseud.
827 761 890 824 125
912 771 944 834 01
966 761 1035 827 Mil.
1063 761 1155 846 1162,
1189 772 1287 849 atque
1310 761 1488 830 Muellerus

307 877 425 957 (Plout.
449 875 586 941 Prosod.
610 873 1229 961 210014011100.01Ρ1001.Ρωο
1253 874 1295 938 23
1325 877 1408 962 sqq.)
1432 876 1488 941 ubi

306 990 377 1054 fieri
407 989 515 1075 possit
534 1007 565 1052 -e
596 987 834 1054 restituendum
869 1009 941 1054 0000
974 987 1152 1054 contendit.
1197 989 1250 1055 De
1278 989 1403 1054 formae
1424 1010 1487 1052 usu

304 1101 394 1187 apud
422 1097 614 1166 Ciceronem
643 1098 791 1184 aliosque
814 1100 856 1164 01.
878 1098 1059 1170 Buecheler
1080 1121 1135 1184 pp.
1166 1098 1208 1163 66
1231 1107 1264 1165 01
1287 1096 1360 1180 105,
1398 1100 1489 1165 Neue

303 1214 334 1277 Ι2
351 1209 424 1276 379.
448 1210 516 1276 Sed
535 1211 602 1276 iam
625 1210 782 1276 afferendi
806 1219 880 1276 sunt
902 1210 967 1278 loci
990 1210 1046 1297 qui
1068 1219 1195 1276 restant
1216 1211 1423 1277 Terentiani:

298 1316 390 1417 ‘spei'
418 1333 516 1416 (gen.)
542 1331 645 1398 Andr.
669 1354 717 1418 pr.
741 1329 793 1416 25,
817 1333 901 1440 Eun.
927 1329 1010 1396 1053
1047 1332 1131 1416 (spei
1164 1334 1240 1416 est),
1278 1333 1378 1400 Heut.
1414 1331 1486 1417 659,

542 1445 673 1510 Phorm.
697 1443 770 1509 474.

299 1546 367 1628 ‘rei'
396 1567 494 1652 (gen.)
513 1563 616 1666 Andr..
633 1563 695 1628 457
712 1565 920 1651 (Spengelius
931 1562 1011 1632 ‘rcii'
1030 1588 1104 1631 cum
1118 1565 1295 1650 Bentleio),
1312 1567 1396 1632 Eun.
1414 1565 1487 1650 511,

510 1676 584 1760 804,
613 1678 715 1742 Haut.
747 1676 819 1762 743,
854 1674 928 1762 830,
951 1677 1082 1744 Phorm.
1116 1677 1187 1762 145,
1221 1677 1295 1762 421,
1320 1678 1391 1760 748,
1423 1679 1485 1745 Ao.

514 1786 588 1872 175,
624 1788 696 1854 177.

298 1893 366 1977 ‘ris’
395 1911 488 1992 (nat.)
514 1909 618 1976 Ano.
642 1908 716 1994 458,
738 1912 823 1978 uun.
847 1910 920 1996 540,
959 1912 1089 1978 Phorm.
1112 1912 1185 1996 271,
1211 1911 1283 1995 e1o,
1308 1913 1391 1978 nee.
1414 1910 1487 1994 224,

511 2019 585 2106 581,
602 2020 664 2088 Ad.
679 2020 731 2107 95,
744 2021 817 2105 358,
833 2021 907 2107 545,
921 2021 994 2108 568,
1006 2023 1070 2089 854
1088 2022 1162 2107 (³rei
1173 2021 1232 2092 est'
1251 2021 1352 2099 et‘rei
1364 2019 1487 2107 hunc').

303 2161 420 2225 Restat
446 2161 547 2226 Haut.
579 2159 630 2245 55,
664 2161 720 2226 ubi
744 2158 815 2228 ‘rel'
846 2163 963 2228 adesse
991 2163 1239 2230 Fleckeisenius
1269 2173 1302 2229 et
1330 2161 1487 2247 Umpsen-

303 2271 440 2337 bachius
464 2281 663 2338 statuerunt:

487 2381 724 2451 Γ0001011010
748 2408 827 2451 sane
850 2386 991 2473 emplius
1014 2388 1188 2473 quicqutm
1209 2383 1289 2471 fuit:

305 2496 363 2562 sed
402 2495 465 2561 hoo
493 2519 622 2583 quoque
655 2497 727 2563 loco
757 2520 874 2563 vocem
904 2500 1000 2563 unius
1031 2497 1180 2582 syllabae
1214 2521 1286 2564 esse
1316 2496 1484 2582 Wagnero

305 2608 369 2689 (ed.
393 2609 500 2674 Berol.
526 2608 622 2689 1872)
648 2610 894 2676 concedendum
919 2620 969 2676 est
992 2610 1046 2692 (of.
1062 2610 1209 2695 Mueller,
1233 2609 1365 2696 prosod.
1381 2607 1488 2674 Plaut.

305 2719 391 2800 182).
416 2718 539 2785 Contra
562 2721 756 2806 aliquotiens
775 2719 846 2788 ‘rel'
871 2723 961 2808 apud
982 2723 1134 2788 Plautum
1157 2723 1273 2807 legitur
1294 2722 1336 2788 cf.
1360 2725 1489 2790 Lorenz

302 2832 346 2897 ad
367 2832 436 2896 Mil.
461 2830 533 2894 103.

409 2967 588 3034 Genetivus
606 2965 676 3034 ‘rei'
701 2970 734 3034 in
756 2970 820 3034 fine
835 2994 950 3037 versus
974 2981 1098 3038 exstat:
1121 2971 1205 3036 Eun.
1222 2969 1294 3055 652,
1320 2971 1402 3038 Ηο0.
1426 2969 1487 3036 807

307 3079 410 3167 (Sulp.
434 3080 543 3167 Apoll.
567 3104 635 3168 per.
658 3081 723 3146 Ad.
752 3080 797 3162 5).
827 3083 866 3148 In
895 3083 959 3149 fine
989 3085 1145 3151 orationis
1175 3094 1207 3150 et
1235 3086 1352 3171 prioris
1375 3105 1489 3149 versus

305 3194 407 3278 partis
429 3193 511 3259 Heo.
536 3193 615 3258 810:

208 3343 209 3348 κ
403 3301 507 3386 ‘Quid
534 3305 637 3370 re'ist?
659 3307 731 3371 Tua
760 3306 849 3393 quod
871 3306 952 3371 nihil
981 3307 1090 3391 refert,
1119 3310 1305 3394 percontari
1334 3304 1487 3375 desinas?

303 3415 365 3481 Ad.
390 3413 468 3492 644:

443 3524 532 3594 ‘Tibi
554 3531 632 3595 vero
657 3528 735 3616 quid
756 3530 831 3594 istic
857 3531 906 3596 est
928 3531 999 3596 ret?
1021 3529 1075 3598 Nil
1097 3531 1175 3595 mihi
1199 3529 1347 3618 quidem,'

303 3660 401 3725 quem
439 3639 480 3705 ob
518 3663 587 3706 rem
622 3663 696 3708 cum
724 3641 952 3708 Fleckeisenio
991 3651 1068 3730 post
1100 3639 1167 3707 ‘nil'
1202 3644 1383 3709 inculcetur
1414 3639 1487 3708 ‘est'

303 3773 437 3818 necesse
459 3775 525 3818 non
549 3762 607 3818 est.

406 3889 483 3957 Uno
506 3892 612 3956 forma
631 3887 719 3956 ‘dies’
745 3914 788 3956 ex
802 3915 865 3957 usu
880 3891 1031 3957 Plautino
1050 3892 1103 3971 (cf.
1119 3892 1209 3957 Trin.
1226 3892 1299 3977 811,
1316 3891 1408 3957 Asin,
1425 3889 1491 3956 253

302 3997 384 4068 ‘dier
406 3999 557 4089 tempus')
581 4002 633 4068 bis
656 4003 816 4088 reperitur
837 4003 938 4069 Haut.
965 4002 1043 4068 168:

466 4110 675 4200 ‘miseretque
697 4137 750 4180 me
773 4115 858 4180 eius:
884 4117 944 4182 sed
966 4124 1003 4181 ut
1025 4115 1091 4182 dier
1112 4117 1241 4202 tempus
1264 4111 1321 4181 est'

303 4224 347 4291 ib.
371 4225 452 4291 212;

339 4335 400 4423 ‘tu,
423 4348 459 4403 ut
480 4337 607 4426 tempus
623 4349 674 4406 est
696 4339 774 4424 dies,
798 4341 876 4406 vide
900 4344 944 4406 sis
968 4342 1075 4426 nequo
1091 4339 1167 4404 hino
1184 4338 1284 4404 abeas
1307 4333 1444 4424 longius'

302 4482 377 4525 cum
394 4443 590 4526 semel‘tliei'
615 4463 716 4543 (Eun.
741 4461 816 4542 801)
847 4462 973 4547 legitur.
