3360 5188
665 462 881 526 ..23-

174 653 298 719 cheleri
322 653 374 719 ed.
398 677 429 740 p.
447 651 490 715 94
512 675 571 738 sq,
596 651 654 716 sed
685 652 760 716 vide
783 651 934 715 Brixiam
963 650 1006 716 ad
1021 651 1111 716 Trin.
1136 651 1197 715 651
1221 653 1255 715 in
1278 653 1367 736 app.)

175 775 209 831 et
231 765 303 830 Mil.
327 763 390 828 397
415 762 519 830 ‘totus
544 761 669 830 dorsus'
699 763 828 848 legitur,
858 762 1121 849 quam'formam
1154 763 1199 828 ad
1221 772 1371 849 quartam

178 875 435 943 declinationem
479 878 642 962 pertinere
687 875 875 940 Priscianus
913 875 942 956 (I
982 874 1060 960 170,
1106 876 1127 940 3
1162 875 1219 956 Η.)
1258 875 1370 954 tradit,

177 997 350 1074 praetcrea
372 989 414 1055 cl.
434 985 565 1071 ‘collus
596 996 718 1073 tergus,
744 988 874 1071 corius,
897 982 1035 1071 nasum',
1071 988 1111 1053 de
1147 986 1264 1074 quibus
1293 985 1371 1052 vido

176 1101 270 1165 Brix.
292 1102 382 1165 Trin.
408 1099 493 1163 1014
515 1108 547 1166 et
570 1099 657 1165 Men.
684 1099 756 1165 172.

281 1211 310 1278 5.
333 1211 509 1278 Ablativus
528 1207 624 1276 ‘astu'
649 1211 739 1277 haud
760 1233 836 1276 raro
861 1215 960 1278 etiam
983 1213 1026 1278 ab
1051 1214 1183 1298 optimis
1206 1209 1371 1296 scriptori-

175 1324 240 1390 bus
263 1325 429 1390 adhibitus
453 1333 564 1389 exstat
586 1323 689 1388 Andr.
713 1322 777 1387 208
801 1333 833 1388 et
855 1325 939 1390 Eun.
964 1325 1037 1392 924.

257 1580 291 1648 ll.
317 1580 362 1648 oc
387 1580 611 1650 declinatione
635 1596 699 1664 oua
722 1580 849 1665 stirpes
873 1581 903 1649 tn
927 1582 952 1649 -1
976 1582 1035 1651 aut
1058 1583 1089 1651 ln
1114 1597 1294 1651 consonam

567 1691 733 1760 exsuctas
756 1691 980 1761 continentur.

283 1864 311 1925 1.
335 1862 479 1927 Dativus
504 1865 586 1948 sing.
616 1864 651 1929 in
673 1887 714 1947 -e,
739 1865 830 1928 cuius
853 1865 994 1951 vestigia
1025 1864 1078 1932 vel
1107 1864 1197 1951 apud
1219 1863 1370 1929 Plautum

177 1983 230 2038 sat
255 1973 444 2039 oblitterata
468 1983 543 2039 sunt
569 1973 623 2055 (cf.
647 1974 838 2040 Buecheler.
863 1999 895 2062 p.
922 1975 1009 2062 107),
1039 1979 1073 2042 in
1098 1977 1249 2042 omnibus
1278 1975 1370 2041 libris

173 2085 385 2152 Terentianis
410 2095 519 2152 exstat
542 2087 623 2151 Hec.
648 2085 726 2150 870:
1362 2079 1363 2084 ¹

322 2193 505 2282 ‘Mplrrhina
527 2199 574 2294 ita
597 2197 759 2283 Phidippo
785 2199 869 2263 dixit
891 2200 959 2264 ihre
982 2200 1120 2264 iurandd
1143 2219 1216 2264 meo

323 2305 365 2373 Se
388 2309 487 2374 fidem
510 2308 665 2374 habuisse
682 2313 714 2375 11
729 2319 904 2396 propterea
927 2314 960 2376 tc
985 2310 1047 2376 sibi
1063 2307 1258 2396 purgatum',

176 2421 231 2505 qui
256 2421 387 2485 dativus
404 2444 448 2486 ex
470 2420 579 2506 legum
601 2420 714 2506 lingua
738 2423 807 2487 sine
824 2421 923 2486 dubio
950 2423 1030 2487 satis
1053 2423 1148 2486 tritus
1172 2443 1239 2486 non
1265 2422 1370 2507 magis

175 2534 278 2596 mirus
301 2532 408 2598 videri
432 2532 540 2617 debet,
566 2556 664 2620 quam
688 2536 714 2598 si
737 2533 826 2599 haud
849 2557 924 2600 raro
948 2533 1086 2619 legimus
1109 2537 1143 2598 in
1165 2534 1269 2600 titulis
1288 2529 1371 2596 ‘iure

177 2645 320 2708 dicundo
346 2640 507 2730 praeesse'
548 2643 603 2726 (cf.
638 2645 713 2709 Liv.
736 2636 857 2710 XXXI
896 2645 957 2730 13,
996 2643 1033 2708 5:
1069 2642 1158 2710 ‘cum
1191 2655 1223 2711 11
1251 2646 1371 2730 privati

177 2777 317 2842 aequum
334 2755 550 2842 postularent,
566 2779 628 2822 nec
643 2767 754 2822 tamen
771 2757 929 2824 solvendo
946 2779 1022 2824 aare
1037 2757 1145 2824 alieno
1169 2755 1371 2843 respublica

176 2864 283 2952 esset',
315 2866 384 2934 Cic.
408 2868 452 2934 ad
474 2868 552 2933 fam.
576 2869 643 2934 VII
667 2868 717 2952 13,
741 2868 779 2932 2:
799 2866 969 2935 ‘tresviros
992 2870 1077 2935 vites
1100 2891 1235 2951 censeo,
1252 2887 1255 2894 ·
1270 2869 1368 2933 audio

175 2981 335 3066 capitales
369 3000 452 3064 esse,
490 2980 623 3046 mallem
656 3001 735 3048 auro
771 3005 846 3048 aere
881 2991 1017 3066 argento
1053 2977 1172 3058 essent’¹
1204 2989 1237 3046 11
1271 2981 1369 3058 sim).

178 3093 309 3158 Etenim
331 3092 435 3158 verba
457 3093 491 3158 in
513 3092 642 3176 legibus
665 3095 788 3160 usitata
821 3094 951 3160 facilius
985 3095 1210 3177 incorruptam
1233 3092 1370 3176 antiqui-

173 3213 276 3270 tatem
299 3213 508 3288 conservant,
532 3215 569 3270 ut
590 3204 761 3271 Ciceronis
790 3205 844 3285 (de
869 3228 915 3272 or.
931 3205 983 3270 Ill
1014 3203 1064 3287 12,
1088 3201 1142 3285 45)
1161 3213 1236 3268 utar
1257 3203 1367 3270 verbis

176 3337 275 3401 quam
299 3315 341 3382 ob
363 3339 434 3381 rem
455 3317 573 3382 iniuria
607 3316 686 3380 mihi
721 3317 853 3403 quidem
887 3317 1029 3382 editores
1063 3317 1174 3380 invitis
1217 3315 1368 3380 omnibus

174 3428 269 3495 libris
293 3451 368 3492 mm.
380 3424 604 3494 ‘iuriiurando'
624 3430 795 3514 scripsisse
818 3429 979 3494 videntur.
1003 3428 1078 3494 Hoc
1095 3429 1181 3494 enim
1194 3428 1269 3494 loco
1285 3427 1368 3494 bene

174 3540 307 3623 accidit,
330 3549 368 3604 11
389 3539 598 3605 librariorum
619 3541 751 3607 inscitia
773 3541 881 3606 forma
903 3542 1046 3624 genuina
1074 3551 1268 3606 servaretur
1313 3539 1368 3604 Ni-

174 3652 294 3716 mirum
310 3650 492 3717 ablativum
506 3650 570 3715 hoc
593 3651 668 3717 loco
685 3662 818 3717 exstare
835 3653 960 3737 opinati
977 3662 1061 3737 sunt,
1085 3654 1119 3718 id
1134 3653 1224 3739 quod
1240 3652 1369 3735 egregie

175 3765 292 3830 codice
314 3764 345 3828 F
367 3762 611 3849 comprobatur,
635 3765 669 3829 in
693 3786 757 3850 quo
787 3761 841 3828 ‘in
872 3766 942 3830 iure
967 3760 1114 3831 iurando'
1139 3764 1269 3847 legitur.
1315 3761 1367 3828 De

176 3877 297 3942 dativis
320 3877 354 3941 in
376 3877 459 3942 -ein
480 3876 669 3942 universum
692 3876 734 3940 cf.
751 3876 888 3958 Ritschl,
911 3878 979 3942 ind.
1002 3876 1077 3942 lect.
1101 3876 1207 3941 Bonn.
1225 3871 1367 3954 1852J53

176 4009 207 4070 p.
234 3987 274 4050 13
297 3996 329 4052 11
346 3983 414 4052 ‘Dc
435 3987 526 4052 fictil.
549 3986 611 4052 litt.
633 3987 725 4054 latin.
750 3985 881 4075 antiqu.7
907 4011 938 4074 p.
962 3987 1014 4052 23,

267 4120 310 4188 ’2.
333 4122 630 4190 Ablativus‘vecti’
650 4105 716 4213 ¹pro
741 4120 903 4194 usitatiori
920 4119 1036 4191 ‘vecto'
1062 4124 1181 4210 legitur
1204 4122 1370 4189 3111774

177 4239 212 4301 in
234 4235 280 4300 A:
307 4232 407 4302 ‘male
428 4236 582 4302 mdlcabo
613 4238 731 4324 ipsam.
754 4237 903 4302 Pdlchre.
927 4238 966 4301 In
988 4235 1132 4301 medium
1162 4221 1226 4301 huc
1250 4239 1368 4320 agmen

178 4370 252 4413 cum
292 4350 389 4432 vecti,
422 4345 554 4414 Donax'
592 4359 625 4415 et
653 4350 865 4415 confirmatur
894 4347 1037 4414 aPrisc.
1074 4349 1091 4413 I
1121 4346 1193 4427 345,
1218 4349 1238 4411 6
1261 4347 1304 4411 Η.
1335 4355 1367 4410 11

183 4458 297 4525 Servio
337 4460 380 4525 ad
403 4459 487 4526 Aen.
512 4461 562 4526 lX
592 4460 665 4525 469.
705 4459 857 4527 Ceterum
891 4460 1055 4526 ablativus
1088 4461 1185 4526 huius
1214 4456 1368 4523 vocabuli
