3360 5188
651 471 863 536 „65-

160 658 277 742 ebduc,
301 659 365 724 duc
384 661 541 746 quantem
564 657 705 746 potest').
729 659 780 726 Ac
796 659 924 727 duobus
940 682 1023 746 quos
1039 663 1162 747 primos
1179 663 1346 730 attulimus

160 771 241 837 locis
264 771 390 838 formae
412 771 530 857 plenae
545 775 747 839 retineantur
767 794 905 838 necesse
925 782 989 838 est:
1014 783 1214 842 excusantur
1237 784 1347 840 autem

160 883 249 970 quod
271 884 304 949 in
320 885 384 951 fine
408 887 526 970 prioris
548 907 663 950 versus
679 886 782 970 partis
803 894 942 970 utroque
957 887 1080 970 pariter
1111 885 1186 952 loco
1203 895 1346 952 exstant.

160 995 258 1077 Quod
281 1006 509 1082 argumentum
542 1020 608 1063 non
632 999 782 1064 omittere
804 995 948 1063 debebat
971 996 1182 1081 Schubertus,
1215 998 1243 1065 si
1264 996 1347 1064 locis

159 1110 213 1193 qui
235 1118 363 1178 restant
376 1110 500 1175 formas
527 1108 680 1193 volgares
702 1131 723 1173 a
739 1107 857 1194 quibus
873 1129 940 1174 non
961 1111 1140 1174 recessisse
1155 1108 1345 1175 Terentium

159 1222 225 1286 nisi
252 1223 453 1288 necessitate
487 1229 641 1286 coactum
674 1219 896 1287 restituendas
920 1243 993 1288 esse
1015 1221 1121 1287 voluit
1155 1219 1253 1288 nobis
1275 1243 1346 1306 per-

158 1332 296 1398 suadere
313 1335 346 1416 (l.
360 1355 389 1398 c.
405 1356 437 1418 p.
452 1331 518 1414 17).
542 1332 709 1398 Dniatzko
726 1341 836 1398 autem
850 1331 985 1413 (Jenaer
1002 1333 1247 1402 Literaturzeit.
1262 1333 1345 1399 1878

157 1467 189 1530 p.
206 1442 282 1523 309)
297 1445 379 1512 locis
396 1443 513 1530 quibus
530 1444 661 1530 syllaba
686 1446 796 1530 stirpis
810 1444 926 1510 ultima
941 1447 1009 1510 ictu
1025 1446 1187 1530 efferaun,
1203 1447 1344 1512 formam

156 1557 355 1644 pleniorem,
393 1556 580 1622 breviorem
618 1556 735 1643 quibus
774 1556 968 1622 adverbium
1004 1556 1206 1642 praecedens
1242 1560 1344 1624 ictum

29 1699 30 1706 ¹
156 1668 289 1753 habeat,
325 1670 481 1756 scriptam
516 1691 587 1734 esse
622 1692 643 1733 a
665 1669 818 1734 Terentio
839 1668 1034 1752 contendit,
1070 1691 1154 1754 quae
1183 1670 1345 1736 sententia

157 1783 308 1867 quamvis
330 1804 398 1846 non
419 1780 518 1866 plane
551 1779 784 1865 comprobetur
806 1780 986 1863 codicibus,
1020 1781 1121 1847 habet
1144 1789 1254 1848 tamen
1278 1804 1341 1869 quo

157 1892 413 1960 commendetur.
459 1892 526 1958 Sed
547 1902 620 1959 utut
647 1903 707 1977 est,
745 1902 821 1958 ante
855 1903 1076 1960 consonantes
1111 1903 1199 1959 certe
1231 1893 1345 1959 formis

155 2005 262 2092 plenis
284 2007 457 2070 Terentius
491 2028 558 2070 non
590 2028 669 2072 usus
693 2015 744 2071 est
765 2007 828 2071 nisi
862 2015 938 2072 ante
966 2029 1147 2074 caesuram.
1192 2005 1345 2072 Ceterum

155 2118 314 2204 simplicis
347 2117 440 2184 verbi
473 2119 587 2203 imper.
621 2114 707 2184 ⁹duc’
746 2118 867 2205 ubique
896 2118 1012 2198 (Andr.
1046 2118 1119 2202 818,
1154 2119 1242 2185 Eun.
1270 2117 1344 2202 377,

154 2230 257 2296 Haut.
280 2229 354 2314 432,
393 2230 523 2295 Phorm.
548 2228 620 2315 103,
645 2230 717 2316 718,
755 2230 820 2295 Ad.
842 2229 918 2313 506)
958 2240 1036 2296 ante
1073 2253 1241 2296 consonas
1278 2230 1344 2314 legi

155 2343 279 2408 addere
313 2341 403 2406 haud
426 2365 706 2428 supervacaneum
729 2352 789 2408 est.
834 2342 970 2409 Plautus
993 2352 1103 2408 autem
1127 2351 1158 2407 et
1187 2341 1345 2427 simplicis

154 2454 249 2521 verbi
271 2456 502 2540 imperativum
517 2454 650 2540 plenum
665 2455 766 2520 habet
780 2478 886 2542 neque
902 2457 936 2522 in
952 2455 1145 2542 compositis
1162 2453 1205 2520 ad
1220 2463 1344 2518 certam

153 2589 271 2632 versus
295 2569 406 2633 sedem
429 2590 503 2632 eum
526 2568 662 2634 adhibet
683 2569 853 2634 astrictum
877 2570 932 2644 (cf.
955 2569 1047 2632 Neue
1069 2567 1118 2632 11²
1140 2565 1231 2652 439).

258 2681 342 2766 Imp.
371 2675 467 2745 ‘dice'
502 2702 666 2765 nusquam
699 2681 896 2745 aTerentio
932 2682 1074 2765 scriptus
1109 2702 1182 2745 esse
1215 2678 1346 2743 videtur
1377 2669 1380 2673 ’

153 2792 272 2857 ecdem
293 2794 406 2876 utique
440 2792 539 2857 modo
564 2816 627 2879 quo
664 2793 805 2879 simplex
823 2789 941 2858 ‘duce'.
987 2791 1086 2873 Quod
1113 2791 1190 2858 inde
1214 2813 1344 2876 quoque

153 2913 294 2988 apparet
317 2903 406 2989 quod
421 2905 570 2989 quamvis
586 2906 800 2989 imperativus
816 2903 890 2989 plus
907 2906 1122 2990 quinquagies
1139 2907 1173 2968 in
1187 2903 1339 2968 Terentio

153 3023 266 3079 exstet
299 3025 397 3101 atque
429 3027 505 3081 ante
538 3017 673 3082 vocales
708 3019 878 3103 quinquies
914 3015 1031 3098 (Andr.
1056 3014 1128 3099 873,
1162 3016 1248 3081 Eun.
1272 3013 1345 3096 724,

152 3127 286 3191 Phorm.
302 3125 376 3211 447,
393 3127 465 3211 712,
487 3127 552 3193 Ad.
568 3128 656 3213 572),
679 3152 721 3194 ne
742 3130 879 3194 minima
901 3129 1033 3214 quidem
1055 3127 1196 3210 vestigia
1218 3127 1344 3191 formae

152 3237 273 3323 plenae
289 3240 321 3304 in
338 3239 508 3306 codicibus
527 3250 698 3327 apparent.
721 3241 836 3327 Itaque
853 3263 958 3325 neque
975 3262 1036 3324 ego
1052 3237 1194 3324 probare
1209 3260 1345 3324 possum

153 3353 379 3416 coniecturam
401 3352 610 3418 Fleckeiscni
635 3352 807 3418 scribentis
829 3353 912 3417 Hec.
936 3348 1017 3416 803:

185 3460 416 3529 ‘eccedebamr
439 3464 634 3533 adulescens
658 3465 810 3530 dicedirm
834 3486 957 3550 quaeso
981 3485 1015 3528 es
1039 3471 1074 3526 tu
1096 3459 1306 3548 Myconius?

159 3575 383 3644 Confirmatur
399 3581 484 3645 enim
500 3579 653 3643 codicum
668 3578 765 3643 lectio
778 3572 931 3641 ‘dicdum'
959 3577 1058 3640 etiam
1073 3574 1157 3639 Eun.
1182 3571 1260 3638 707;
1278 3570 1346 3638 ‘dic

153 3688 232 3754 dum
256 3687 318 3753 hoc
341 3707 480 3767 rursum,
512 3681 660 3748 Chaerea
681 3690 772 3745 tuam
794 3681 920 3743 vestem
943 3678 1087 3743 detraxit
1108 3672 1188 3742 tibi'.
1231 3676 1346 3762 Neque

152 3809 268 3864 tamen
305 3797 415 3884 placet
448 3795 537 3882 quod
559 3793 750 3875 Goveanus,
772 3790 952 3873 Bentlcius,
986 3789 1108 3874 Umpf,
1144 3787 1345 3854 Schubertus

154 3914 200 3997 (p.
226 3909 278 3989 15)
309 3911 526 3994 scripserunt:

192 4020 424 4087 ‘accedebamz
447 4019 640 4084 adulescens
665 4014 797 4080 dicdum
820 4016 942 4101 quaeso
967 4022 1082 4077 tunes
1105 4006 1301 4097 Myconius',

152 4136 215 4201 sed
244 4133 373 4200 collatis
403 4131 508 4198 Andr.
542 4128 615 4212 324,
649 4129 735 4193 Eun.
769 4124 833 4190 360
861 4123 937 4192 ‘eho
968 4126 1047 4190 dum
1080 4124 1134 4188 dic
1165 4118 1250 4187 mihi'
1289 4121 1344 4205 (cf.

149 4247 258 4312 Anu.
288 4244 360 4328 sev,
376 4204 464 4327 ’'931,
492 4243 624 4307 Phorm.
649 4239 737 4322 748),
766 4240 867 4304 naus.
897 4233 976 4300 aro:
1001 4233 1076 4320 ‘age
1100 4234 1178 4299 eum
1199 4234 1346 4298 essem

151 4356 240 4444 Syre
263 4354 323 4423 dic'
349 4354 558 4423 scribendum
581 4354 813 4439 proponimus:

192 4469 422 4536 ‘eccedebamt
435 4490 506 4553 age
519 4465 712 4532 edulescens
725 4462 856 4529 dicddm
870 4483 991 4547 quaeso
1006 4481 1041 4524 es
1057 4469 1092 4524 tu
1104 4452 1300 4545 My'conius'.

206 4605 411 4658 resarcirent,
425 4603 502 4646 stura
515 4603 661 4646 retentione.
1189 4578 1205 4627 5
