3360 5188
686 462 900 525 „77-

307 724 312 731 .
343 705 346 710 .
369 651 399 716 5.
424 650 577 718 Genetivi
593 662 625 718 et
639 652 742 717 dativi
759 654 840 737 sing.
864 653 895 719 V
922 652 1150 719 declinationis
1164 653 1200 718 in
1222 676 1253 719 -e
1276 663 1308 720 et
1329 665 1385 738 -ei',

420 785 619 850 quamquam
647 766 682 830 in
711 787 749 830 eo
774 765 882 831 differt
903 787 924 830 a
946 764 1063 832 Plauto
1087 765 1269 851 Terentius,
1293 766 1381 852 quod

419 898 485 943 non
509 876 650 962 amplius
668 873 743 942 ‘rei'
767 876 881 942 habet.

368 985 399 1052 6.
424 985 605 1054 Genetivus
627 988 677 1054 IV
698 987 816 1055 deelin.
839 989 874 1053 in
897 988 921 1052 -i
944 997 976 1053 et
999 987 1129 1053 dativus
1151 987 1186 1052 in
1207 1011 1252 1054 -u.

371 1097 399 1162 7.
423 1099 623 1166 Pronomina
647 1099 825 1167 seeundum
840 1100 992 1165 flexionis
1008 1100 1178 1166 nominum
1195 1100 1385 1185 analogiam

422 1211 597 1278 declinata.

292 1323 394 1388 Porro
419 1323 446 1388 si
469 1321 653 1406 colligimus
677 1345 761 1411 quae
777 1346 820 1387 ex
842 1331 957 1388 nostra
972 1321 1160 1391 redundant
1186 1324 1380 1411 quaestione

199 1427 418 1520 intellegimus

191 1545 244 1611 111
265 1547 389 1638 formas
411 1556 560 1614 vetustas
583 1569 668 1633 quae
696 1569 717 1610 a
739 1544 856 1611 Plauto
885 1556 1075 1612 constanter
1105 1546 1302 1615 adhibentur
1329 1549 1383 1615 vel

296 1668 384 1724 certe
405 1659 503 1745 longe
526 1658 727 1746 praevalent,
751 1657 939 1724 Terentium
968 1668 1024 1724 aut
1053 1682 1216 1745 nusquam
1238 1668 1384 1725 autnon

294 1793 472 1858 usurpasse
494 1773 558 1838 nisi
580 1771 756 1854 rarissime,
777 1769 942 1857 longeque
965 1770 1112 1857 plurimis
1135 1771 1218 1837 loeis
1240 1770 1383 1838 formam

295 1882 463 1970 volgarem
485 1883 607 1949 habere
630 1883 731 1948 veluti

370 1995 398 2058 1.
420 1995 667 2060 Nominativum
680 1995 761 2079 plur.
779 2017 873 2080 pron.
890 1992 1077 2061 fem‘haeo’
1095 1995 1231 2062 Plautus
1248 1996 1384 2084 ubique,

418 2107 590 2172 Terentius
614 2117 690 2172 ante
713 2107 846 2172 vocales
868 2107 1093 2173 tantummodo
1119 2108 1263 2174 adhibet.
1301 2143 1302 2148 κ

367 2217 399 2283 2.
421 2219 568 2305 Uterque
591 2227 690 2304 poeta
726 2220 876 2304 quamvis
911 2222 1032 2306 pariter
1069 2219 1226 2286 adhibeat
1254 2215 1381 2306 ‘ipsus',

370 2359 373 2363 ⁸
419 2330 591 2396 Terentius
619 2352 687 2396 non
715 2331 854 2416 amplius
876 2330 977 2397 habet
1000 2315 1126 2418 '‘eapse,
1151 2353 1285 2417 eumpse
1308 2328 1381 2396 eto'.

373 2440 405 2505 3.
429 2441 643 2507 Substantiva
663 2442 857 2508 heteroclita
879 2465 1046 2530 perpauca
1075 2443 1173 2510 habet
1197 2444 1380 2509 Terentius.

366 2552 397 2618 4.
420 2555 577 2619 Formam
595 2550 768 2632 ‘dextera',
796 2576 880 2640 quae
909 2563 978 2620 tam
1009 2575 1108 2640 saepe
1130 2557 1165 2620 in
1187 2555 1304 2620 Plauto
1332 2577 1383 2619 re·

419 2668 544 2750 peritur
565 2675 602 2730 ut
622 2664 821 2730 Ritsehelius
844 2687 918 2730 eam
950 2664 1054 2731 solam
1082 2688 1220 2751 regnare
1248 2674 1384 2731 eonten-

420 2775 512 2860 derit,
542 2799 610 2842 non
633 2777 765 2843 admisit
788 2779 960 2844 Terentius
983 2779 1046 2844 nisi
1068 2780 1103 2842 in
1125 2779 1189 2844 fine
1212 2801 1337 2846 versus.

367 2887 398 2954 5.
422 2885 678 2975 Vooem‘volup'
697 2912 762 2976 qua
777 2888 957 2956 identidem
971 2892 1074 2956 utitur
1085 2890 1220 2956 Plautus
1233 2890 1381 2956 adverbii

420 3002 503 3084 vioe,
527 3002 698 3066 Terentius
721 3002 755 3066 in
778 3025 845 3066 una
873 3001 1016 3068 formula
1040 2998 1213 3088 ‘volupest'
1239 3002 1381 3068 admisit.

367 3113 396 3177 6.
422 3111 619 3179 Genetivum
634 3112 717 3201 plur.
741 3113 775 3178 ΙΙ
791 3113 875 3178 decl.
891 3115 927 3180 in
942 3137 1009 3180 -um
1025 3114 1196 3180 Terentius
1211 3116 1246 3180 in
1259 3113 1384 3180 fabulis

419 3227 501 3311 ipsis
523 3247 599 3289 raro
623 3224 767 3307 adhibet,
799 3234 914 3290 eontra
935 3224 1065 3311 prologi
1093 3224 1157 3290 hae
1185 3225 1220 3290 in
1247 3247 1282 3290 re
1305 3248 1383 3291 oon-

421 3311 541 3420 gruuht
563 3357 639 3400 oum
660 3358 724 3399 usu
745 3336 909 3401 Plautino.

369 3446 399 3511 7.
421 3443 747 3533 Adiectivum‘potis'
762 3469 837 3512 eum
849 3448 948 3513 verbo
964 3447 1169 3513 substantivo
1183 3435 1382 3532 coniungere

420 3559 502 3625 solet
525 3559 708 3643 Terentius,
738 3560 827 3646 quod
861 3560 1052 3645 saepissime
1088 3560 1207 3625 omittit
1234 3557 1382 3624 Plautus.

367 3671 397 3736 8.
420 3671 532 3737 Verba
556 3671 736 3736 seeundum
758 3672 879 3738 falsam
907 3671 1095 3756 analogiam
1119 3671 1293 3756 declinata,
1316 3668 1380 3735 fre-

421 3785 634 3869 quentissima
657 3783 746 3869 apud
775 3782 938 3867 Plautum,
972 3784 1138 3848 rarissime
1174 3783 1382 3868 reperiuntur

418 3896 453 3959 in
475 3894 640 3961 Terentio.

367 4008 397 4074 9.
422 4009 606 4074 Infinitivus
636 4003 781 4090 ‘moriri’,
825 4030 921 4094 quem
963 4005 1068 4072 solum
1107 4007 1199 4072 novit
1232 4004 1380 4089 Plautus,

418 4121 518 4188 semel
551 4120 670 4204 legitur
703 4119 792 4205 apud
815 4120 1003 4186 Terentium
1039 4114 1231 4203 t‘emoriri’),
1266 4127 1383 4186 eontra

350 4297 354 4304 .
419 4243 534 4320 quater
555 4233 661 4301 forma
683 4231 828 4316 volgaris
851 4241 970 4298 exstat.

346 4343 396 4410 10.
420 4345 561 4410 Formae
584 4344 758 4410 verborum
789 4345 983 4427 activorum,
1019 4365 1103 4428 quae
1137 4352 1254 4428 postea
1282 4341 1381 4427 depo·

418 4458 530 4524 nentia
567 4481 639 4524 esse
677 4456 843 4539 solebant,
882 4456 956 4544 plus
995 4457 1140 4522 centiens
1184 4457 1220 4520 in
1258 4452 1381 4518 Plauto
