3360 5188
660 498 873 562 ,39-

169 690 327 754 mediocri
351 688 494 774 genetivi
516 708 611 754 nsum
634 687 731 772 longe
758 687 1001 772 praevaluisse,
1030 688 1065 753 id
1094 688 1183 774 quod
1205 689 1364 774 imprimis

169 801 260 886 apud
281 799 434 865 Plautum
446 808 594 884 apparet,
611 821 651 864 ea
669 820 771 866 causa
786 800 844 864 vix
862 799 1014 866 sufficere
1029 800 1168 884 videtur,
1184 810 1220 868 ut
1243 823 1263 864 a.
1278 800 1364 867 lecto

169 922 269 998 atque
305 911 447 996 eleganti
481 911 614 976 Terenti
649 933 798 978 sermone
839 912 988 978 dativum
1025 912 1168 978 alienum
1201 921 1364 999 putemus.

169 1025 287 1110 Itaque
305 1019 382 1089 ‘isti'
409 1023 557 1090 dativum
580 1023 702 1090 iudico.

273 1160 341 1228 Sed
363 1161 473 1246 plures
491 1164 560 1226 eius
576 1162 667 1227 modi
683 1163 853 1248 genetivus
876 1171 909 1227 et
930 1161 1049 1227 Plauto
1073 1170 1106 1228 et
1117 1161 1271 1227 Terentio
1294 1161 1365 1225 vin-

170 1275 306 1341 dicabat
329 1273 417 1339 Sam.
440 1274 619 1339 Brandtius
642 1275 676 1340 in
700 1273 829 1340 dissert.
852 1275 963 1358 inaug.
1003 1270 1069 1338 ‘De
1092 1275 1186 1340 varia
1208 1295 1293 1358 quae
1316 1281 1366 1338 est

170 1388 259 1474 apud
282 1395 408 1452 veteres
430 1386 655 1452 Romanorum
677 1396 794 1472 poetes
827 1388 998 1452 scaenicos
1021 1387 1164 1470 genetivi
1188 1385 1364 1470 singularis

169 1500 403 1584 pronominum
426 1497 535 1563 forma
550 1520 589 1563 ac
613 1495 773 1564 mensura'
795 1499 899 1584 (Lips.
918 1497 1027 1581 1877),
1052 1499 1107 1583 qui
1122 1498 1245 1563 formas
1261 1496 1366 1582 bisyl·

169 1619 267 1685 labas
292 1597 404 1699 ‘illffis
424 1598 529 1701 istffis,
554 1599 669 1704 ipsius,
693 1598 804 1702 solius,
826 1598 932 1683 unisss'
957 1641 1024 1682 non
1040 1619 1180 1703 scriptas
1204 1640 1277 1681 esse
1299 1617 1362 1682 nisi

171 1743 247 1798 ante
270 1731 405 1798 vocales
434 1733 587 1817 opinatus
611 1733 727 1797 ceteris
749 1731 832 1810 locis
851 1727 919 1796 ‘illi’
948 1731 1044 1812 (Eun.
1069 1729 1149 1793 370:
1176 1725 1305 1816 ‘'oapias
1327 1739 1363 1794 tu

169 1844 218 1909 illi
239 1840 384 1928 vestem,
408 1842 451 1908 ib.
476 1840 558 1906 620:
577 1839 752 1909 ‘retinendi
774 1841 821 1908 illi
845 1839 968 1926 causa,
998 1841 1042 1907 ib.
1074 1840 1155 1905 741:
1189 1839 1250 1907 ‘illi
1278 1841 1363 1906 ferre

169 1978 308 2043 possum
329 1952 508 2042 ineptiam',
532 1955 633 2022 Haut.
657 1953 736 2018 203:
756 1952 813 2020 ‘ex
836 1953 882 2019 illi
904 1951 1016 2034 more',
1039 1954 1083 2020 ib.
1107 1953 1190 2019 544:
1209 1950 1364 2018 ‘tolerare

169 2069 219 2135 illi
247 2079 396 2155 sumptus
419 2090 486 2133 non
509 2063 627 2154 queat',
651 2067 715 2132 Ad.
732 2066 812 2130 441:
831 2063 888 2132 ‘ne
909 2067 958 2131 illi
980 2063 1077 2131 modi'
1103 2065 1145 2130 cf.
1163 2064 1183 2130 l.
1201 2088 1229 2131 o.
1245 2089 1277 2151 p.
1297 2063 1364 2146 16),

166 2178 245 2247 ‘isti'
274 2181 389 2264 (Haut.
419 2180 499 2246 387:
533 2177 601 2245 ‘isti
624 2176 734 2265 modi,
758 2179 889 2244 Phorm.
917 2177 998 2243 969:
1028 2175 1085 2243 ‘ex
1108 2200 1143 2246 re
1165 2178 1220 2243 isti
1242 2201 1295 2244 me
1317 2179 1364 2242 in·

170 2289 309 2378 stigasti'
335 2293 378 2358 cf.
401 2315 433 2379 p.
457 2291 527 2372 21),
546 2288 630 2377 ‘ipsi'
651 2290 766 2378 (Haut.
790 2291 871 2356 576:
891 2289 968 2378 ‘ipsi
990 2291 1071 2357 facti
1094 2287 1362 2376 pudet',Phorm.

170 2402 233 2468 725
248 2405 291 2488 (l)
323 2404 363 2470 of.
398 2425 429 2489 p.
458 2402 526 2488 23),
559 2401 644 2468 ‘soli'
679 2404 791 2486 (Haut.
824 2402 902 2466 129:
937 2400 1025 2468 'mea
1055 2400 1116 2468 soli
1141 2401 1274 2466 solliciti
1298 2404 1363 2466 sint

168 2513 309 2599 causa⁷),
328 2512 405 2581 ‘uni'
441 2516 554 2598 (Haut.
583 2512 663 2578 205:
697 2511 767 2580 ‘uui
790 2511 888 2581 modi'
913 2514 955 2579 cf.
980 2536 1012 2599 p.
1036 2512 1090 2594 24)
1123 2511 1363 2578 restituendum

169 2631 297 2694 censuit
329 2627 456 2693 addens
495 2629 537 2712 (p.
562 2626 617 2706 27)
640 2629 773 2693 Terenti
809 2625 1011 2713 temporibus
1035 2625 1202 2691 breviores
1225 2624 1361 2707 formas,

169 2763 244 2806 cum
268 2739 358 2825 apud
373 2739 526 2804 Plautum
548 2741 652 2804 rarior
675 2761 788 2804 eorum
810 2761 890 2804 usus
914 2746 1010 2820 esset,
1034 2735 1239 2822 longioribus
1263 2738 1362 2804 etiam

167 2853 336 2939 praelatas
360 2873 432 2917 esse
455 2851 570 2917 videri.
594 2850 790 2916 Brandtium
813 2861 922 2914 autem
948 2852 1051 2915 secuti
1069 2859 1144 2914 sunt
1166 2845 1361 2934 Spengelius

172 2965 229 3045 (ad
252 2963 315 3029 Ad.
339 2962 418 3043 261)
441 2963 663 3028 θιἨΖίιιῐκΙιο
701 2961 758 3043 (ad
778 2962 843 3027 Ad.
867 2960 948 3041 261,
983 2961 1070 3042 441).
1115 2961 1238 3026 Verum
1271 2961 1362 3026 haud

169 3079 250 3161 scio,
274 3099 318 3142 an
340 3075 422 3141 haec
448 3074 635 3140 observatio
659 3077 765 3159 magis
789 3075 832 3139 ad
855 3074 1032 3159 prosodiae
1055 3073 1145 3158 leges
1161 3093 1362 3156 cognoscen-

170 3188 241 3273 das,
265 3211 364 3275 quam
387 3189 430 3254 ad
453 3190 578 3274 priscas
600 3187 724 3253 formas
746 3185 993 3278 investigandas
1017 3187 1186 3271 pertineat.
1211 3183 1310 3266 Quod
1335 3184 1362 3249 si

170 3299 288 3365 deinde
310 3299 490 3365 Brandtius
513 3301 583 3384 ipse
606 3321 638 3384 p.
662 3295 703 3361 69
726 3297 894 3363 concedit:
913 3293 1051 3361 ‘formas
1075 3296 1263 3362 decurtatas
1288 3296 1360 3379 (eis,

835 3397 1049 3418 ΛΑ

168 3421 250 3504 huis,
275 3422 380 3506 quois‚
404 3419 444 3504 ei,
459 3420 527 3502 hui,
551 3421 685 3505 quoi:
702 3397 782 3502 siim,
812 3418 918 3502 huius,
943 3419 1072 3502 quoius)
1103 3420 1187 3483 utin
1212 3409 1360 3482 sermone

168 3533 309 3616 fixerunt,
344 3533 391 3597 sio
426 3534 525 3597 etiam
557 3533 592 3595 in
627 3531 790 3616 scriptura
826 3529 1000 3595 sollemnes
1035 3529 1147 3612 fuisse,
1185 3531 1247 3594 nisi
1271 3529 1361 3616 quod

164 3639 356 3730 ‘quoimodi'
376 3641 590 3725 scribebatur,
608 3642 826 3708 demonstrari
842 3665 909 3706 non
932 3639 1062 3727 potest',
1086 3641 1200 3707 eadem
1218 3663 1276 3707 cur
1291 3662 1359 3706 non

169 3755 209 3821 de
226 3756 344 3820 ceteris
360 3776 490 3842 quoque
506 3753 755 3840 pronominibus
772 3753 892 3819 dixerit
906 3754 1031 3819 nescio.
1048 3754 1229 3818 Lubricum
1249 3761 1359 3817 autem

170 3890 242 3933 esse
264 3877 345 3952 puto
370 3868 440 3932 eius
463 3866 554 3931 modi
578 3867 747 3950 genetivos
763 3866 816 3931 vel
840 3867 867 3931 si
890 3861 1088 3932 cum‘modi'
1106 3865 1358 3949 coniunguntur,

168 3980 323 4044 Terentio
359 3976 558 4062 adscribere,
594 4001 669 4043 cum
691 4001 712 4042 a
735 3975 873 4043 testibus
907 3999 1043 4064 prorsus
1074 3975 1238 4041 destitutis
1261 3974 1360 4070 nobis

167 4090 348 4157 verendum
371 4093 422 4175 sit,
446 4112 487 4155 ne
511 4112 550 4155 ea
573 4091 736 4175 corrigere
759 4089 941 4172 videamur,
964 4110 1048 4175 quae
1071 4110 1125 4152 ars
1149 4088 1285 4152 metrica
1307 4075 1360 4151 vel

167 4201 367 4288 prosodiaca
389 4202 522 4268 Terenti
546 4211 654 4268 aetate
677 4201 740 4267 sibi
762 4201 907 4268 indulsit.
942 4201 992 4265 Ac
1016 4200 1121 4265 simile
1145 4200 1224 4287 quid
1247 4200 1359 4264 statim

168 4314 208 4379 de
231 4335 315 4379 voce
334 4310 474 4400 ‘quibus'
494 4312 690 4380 videbimus.
1348 4313 1350 4324 ’

271 4450 301 4516 5.
325 4421 468 4517 Dativus
491 4452 574 4538 plur.
593 4449 687 4538 ‘quis'
712 4452 832 4538 legitur
854 4452 957 4517 Andr.
981 4449 1062 4516 630:
