3360 5188
805 469 1017 537 -40-

419 662 542 730 ‘idnest
556 665 692 730 verum?
713 667 813 731 immo
829 665 863 730 id
878 664 1079 730 bominumst
1093 685 1195 748 genus
1212 665 1401 749 pessumum

424 775 606 860 denegandi
627 776 727 842 modo
751 778 823 862 quis
846 775 953 862 pudor
975 774 1109 861 pairlum
1128 770 1240 839 adest?

314 889 416 970 ¹Quae
453 888 560 953 forma
596 911 615 953 e
652 887 834 970 Ciceronis,
872 888 1007 968 Horati,
1046 887 1120 952 Livi
1158 885 1297 952 aliorum
1336 886 1505 952 codicibus

326 1001 407 1065 satis
429 1008 509 1064 nota
525 1000 578 1076 (cf.
594 1000 686 1064 Neue
708 1001 762 1065 11²
785 999 861 1080 234)
885 1000 1050 1065 rarissime
1073 998 1164 1083 apud
1179 1000 1351 1063 scaenicos
1375 997 1508 1062 obviam

313 1111 370 1193 ,fit
396 1111 485 1196 quod
499 1113 565 1178 iam
581 1112 773 1178 observavit
787 1111 1007 1178 Buechelerus
1029 1134 1062 1197 p.
1079 1110 1151 1194 132,
1175 1113 1230 1197 qui
1245 1133 1346 1176 unum
1367 1118 1509 1174 tantum·

326 1223 423 1289 modo
445 1222 555 1288 locum
590 1222 708 1304 (Plaut.
732 1223 832 1288 Most.
868 1220 963 1300 1040)
998 1223 1101 1306 affert,
1140 1222 1279 1288 alterum
1317 1221 1509 1307 suppeditat

323 1334 499 1400 Muellerus
537 1334 694 1401 additam.
731 1358 764 1421 p.
804 1333 862 1418 823
903 1335 1006 1412 (Neue
1038 1335 1060 1399 l.
1095 1358 1124 1400 c.
1161 1335 1286 1400 nullum
1320 1333 1508 1418 exemplum

314 1445 482 1531 praebet).
515 1448 587 1512 Iam
609 1446 685 1512 vide
708 1448 737 1512 si
758 1447 867 1532 placet
896 1446 1043 1512 locorum
1074 1449 1191 1514 seriem
1214 1445 1333 1533 quibus
1357 1445 1507 1512 omnibus

317 1557 494 1624 «codicibus
532 1559 809 1624 consentientibus
846 1559 952 1624 forma
989 1557 1155 1644 bisyllaba
1192 1566 1319 1641 exstat,
1358 1558 1508 1643 quamvis

323 1670 454 1735 minime
477 1680 580 1736 metro
604 1674 803 1758 requiratur:

426 1781 530 1848 Andr.
549 1783 608 1846 63:
628 1780 717 1848 ‘oum
732 1781 850 1868 quibus
874 1770 945 1848 erat
960 1804 1098 1869 cumque
1113 1787 1189 1866 rina,
1214 1784 1261 1872 eis
1278 1805 1350 1848 sese
1368 1780 1507 1865 dedere',

426 1893 470 1959 ib.
497 1892 576 1959 104:
596 1892 678 1962 ‘fere
707 1898 742 1960 in
760 1896 877 1962 diebus
905 1899 1031 1982 patrois,
1063 1894 1181 1981 quibus
1204 1896 1287 1962 haee
1311 1899 1387 1962 dcta
1411 1890 1508 1978 sunt',

427 2004 473 2071 ib.
496 2005 577 2072 691:
596 2004 729 2094 ‘quibus
752 2008 884 2094 quidem
907 2031 1006 2094 quam
1027 2007 1125 2072 facile
1148 2008 1299 2092 pdtuerat
1322 2008 1457 2093 quie'sci,
1482 2007 1509 2072 si

326 2116 378 2182 hic
403 2115 564 2204 quiesset',

317 2313 322 2324 Ι
428 2229 473 2294 ib.
498 2230 577 2295 758:
596 2228 645 2296 ‘in
667 2231 786 2318 quibus
811 2235 858 2297 sic
882 2232 1058 2297 inludatis?
1080 2231 1166 2296 Veni
1187 2233 1222 2295 in
1244 2227 1412 2316 tempore’,

428 2341 473 2408 ib.
497 2343 578 2408 828:
597 2340 755 2430 ‘quibusf
784 2344 830 2409 At
852 2343 1000 2430 rogitas?
1029 2341 1201 2429 perpulisti
1229 2365 1292 2422 me,
1321 2345 1358 2408 rit
1387 2342 1510 2407 homini

327 2450 592 2532 adulescentulo’,
914 2487 919 2494 ·

310 2609 322 2662 '.
426 2565 471 2630 ib.
496 2564 577 2630 835:
607 2563 740 2652 ‘quibus
772 2568 808 2633 id
841 2591 996 2634 maxume
1029 2566 1150 2652 vitilem,
1184 2568 1277 2633 illum
1310 2569 1382 2632 esse
1413 2589 1511 2653 quam

326 2674 564 2760 deterrumum',

430 2788 517 2854 Eun.
541 2788 621 2854 258:
647 2787 780 2877 ‘quibus
812 2794 844 2856 et
872 2815 907 2857 re
937 2791 1029 2857 salva
1058 2801 1090 2857 et
1118 2792 1246 2878 perdita
1269 2792 1457 2878 profueram
1482 2801 1515 2856 et

322 2920 459 2992 prosum
482 2898 600 2988 saepe',

318 3083 324 3090 ,
432 3010 477 3078 ib.
500 3012 580 3077 372:
600 3009 650 3078 ‘tu
672 3013 737 3080 illis
759 3014 870 3080 fruare
894 3013 1086 3098 odmmodis,
1111 3014 1228 3101 quibus
1252 3024 1288 3080 tu
1310 3014 1403 3080 illum
1427 3015 1511 3082 dice-

326 3119 386 3186 bas
409 3121 527 3208 modo,

322 3323 324 3329 y
351 3271 355 3278 ,
427 3235 471 3302 ib.
497 3234 596 3302 1035:
616 3234 781 3304 ‘inve'ntor
801 3239 952 3324 inceptor
976 3239 1150 3323 perfector,
1175 3241 1239 3304 scis
1264 3261 1316 3306 me
1339 3239 1511 3324 inquibus

326 3346 387 3409 sim
409 3346 558 3432 gaudiis',

429 3460 530 3528 Haut.
546 3461 627 3526 388:
646 3460 737 3530 ‘nam
753 3442 888 3548 expedit
902 3461 1007 3528 bonas
1024 3464 1096 3528 esse
1111 3461 1224 3528 vobis:
1241 3463 1303 3529 nbs
1315 3463 1512 3548 quibuscum

327 3581 378 3640 est
399 3597 452 3640 res
474 3575 540 3639 ndu
565 3571 693 3658 sinunt,

429 3686 560 3753 Phorm.
583 3685 662 3751 399:
682 3683 839 3754 ‘dilncide
862 3687 1015 3774 expedivi
1038 3688 1158 3774 quibus
1179 3711 1232 3753 me
1255 3683 1419 3773 opdrtuit',

432 3798 476 3864 ib.
501 3798 582 3862 923:
602 3795 747 3886 ‘quodne
771 3801 831 3884 ego
856 3800 1008 3886 discripsi
1030 3802 1128 3886 pdrro
1159 3799 1223 3864 illis
1253 3798 1371 3886 quibus
1394 3794 1511 3880 debui,

324 3997 325 4004 ἵ
432 3909 476 3976 ib.
502 3897 603 3974 1026:
638 3913 817 3996 e'xsequias
833 3910 998 3976 Chremeti
1022 3911 1140 3998 quibus
1159 3919 1209 3976 est
1224 3909 1433 3975 obmmodum
1456 3911 1511 3990 ire,

327 4043 380 4088 me
402 4023 533 4108 tempus
556 4019 641 4102 est'„

326 4218 328 4228 y
429 4135 512 4200 Hec.
536 4134 614 4198 286:
643 4132 733 4200 ‘nam
763 4157 825 4199 nos
856 4157 967 4200 omnes
999 4135 1117 4220 quibus
1149 4143 1199 4200 est
1221 4132 1374 4200 alicunde
1397 4132 1513 4220 aliquis

330 4245 477 4311 obiectus
500 4242 614 4329 labos',
1005 4324 1010 4332 ἐ

430 4358 474 4424 ib.
498 4355 577 4421 308:
597 4354 752 4424 ‘faciuntt
776 4381 853 4423 nam
877 4379 975 4445 saepe
998 4367 1057 4440 est,
1093 4356 1210 4444 quibus
1246 4359 1278 4422 in
1308 4356 1405 4424 rebus
1429 4356 1511 4421 alius

329 4492 370 4534 ne
392 4471 495 4536 iratus
518 4470 650 4557 quidem
673 4467 741 4553 est',
