3360 5188
848 467 1061 530 ,12-

339 671 438 745 atque
462 659 550 724 omni
572 681 615 722 ex
637 666 731 743 parte
754 658 876 722 iustum
898 657 974 722 ferri
1003 680 1071 722 non
1093 680 1192 743 posse
1214 657 1380 739 iudicium,
1418 664 1527 720 utrum

341 772 517 837 Terentius
541 768 603 834 hoc
626 769 724 834 illove
747 768 820 833 loco
843 769 950 833 forma
972 777 1104 834 vetusta
1126 791 1206 834 usus
1230 770 1272 833 sit
1293 790 1414 851 necne,
1453 790 1527 833 cum

337 883 472 948 fabulas
487 881 703 948 Terentianas
727 891 803 966 post
824 891 943 966 poetae
958 890 1098 947 mortem
1113 881 1187 966 plus
1202 883 1309 946 minus
1331 888 1526 945 retractatas

340 1017 412 1060 esse
428 993 470 1060 ab
487 995 544 1076 eis,
562 995 617 1080 qui
633 991 708 1058 illas
725 1003 781 1058 aut
797 993 901 1058 acturi
925 1002 983 1058 aut
998 993 1106 1059 daturi
1125 1002 1244 1074 essent,
1269 1000 1526 1056 consentaneum

341 1106 381 1170 sit
397 1102 434 1186 ¹⁰)
460 1115 492 1170 et
514 1105 679 1170 luculento
704 1104 944 1170 demonstretur
966 1103 1117 1189 exemplo
1140 1104 1275 1170 alterius
1288 1101 1435 1169 Andriae
1458 1103 1526 1168 exi·

337 1227 402 1282 tus.
425 1217 540 1302 Neque
563 1239 623 1302 ego
647 1218 675 1281 is
699 1239 787 1299 sum,
822 1217 877 1302 qui
903 1226 1022 1302 poetae
1040 1238 1173 1281 manum
1205 1237 1268 1281 nos
1298 1237 1396 1301 posse
1418 1215 1471 1279 vel
1492 1216 1527 1278 in

338 1326 514 1393 verborum
537 1327 686 1412 apicibus
701 1349 897 1413 recuperare
920 1349 1048 1414 sperem
1063 1338 1096 1393 et
1119 1328 1262 1414 quodam
1284 1327 1383 1392 modo
1406 1328 1527 1391 iustam

336 1439 440 1504 fuisse
462 1438 590 1504 Bentlei
615 1439 835 1524 suspicionem
857 1440 898 1504 de
916 1439 1083 1526 magistris
1118 1461 1294 1525 puerorum
1328 1461 1430 1503 causa
1461 1460 1525 1503 ser-

337 1573 468 1616 monem
491 1551 624 1616 Terenti
641 1547 912 1617 ‘emendantibus'
938 1573 1063 1635 negem.
1087 1551 1133 1616 At
1156 1553 1183 1616 si
1206 1560 1395 1636 reputamus
1418 1549 1526 1615 Plauti
1601 1633 1604 1639 Ι

336 1663 478 1748 fabulas,
502 1665 652 1750 quamvis
682 1672 716 1730 et
748 1685 806 1729 eae
841 1664 885 1730 ad
916 1685 1012 1728 usum
1034 1664 1225 1749 posterioris
1258 1664 1376 1728 aetatis
1399 1683 1526 1728 accom-

336 1777 491 1842 modatae
515 1778 588 1858 sint,
622 1785 734 1840 tamen
756 1783 789 1840 et
810 1777 900 1859 ipsas
922 1776 1060 1841 refertas
1083 1797 1155 1842 esse
1184 1798 1223 1842 ac
1254 1784 1380 1841 scatere
1413 1775 1526 1840 formis

336 1890 478 1954 vetustis
502 1889 601 1953 etiam
630 1886 778 1954 inlibris
801 1909 902 1954 manu
933 1889 1063 1974 scriptis
1085 1888 1215 1953 traditis
1239 1896 1271 1952 et
1293 1909 1392 1972 posse
1415 1891 1526 1972 augeri

338 2000 519 2065 eiusmodi
542 1999 721 2064 formarum
744 2021 914 2065 numerum
934 2001 968 2064 in
992 2001 1129 2066 servatis
1153 2021 1283 2087 quoque
1306 2000 1485 2066 comoediis
1509 2022 1527 2064 e

338 2122 484 2177 veterum
517 2110 831 2197 glossographorum
865 2113 979 2198 copiis,
1016 2111 1112 2177 aliter
1146 2113 1186 2178 de
1209 2112 1343 2178 Terenti
1377 2133 1526 2177 sermone

338 2225 552 2291 iudicandum
575 2245 648 2290 esse
671 2234 818 2310 apparet,
842 2245 917 2289 oum
938 2247 980 2289 ne
1003 2223 1233 2310 glossographi
1249 2223 1381 2310 quidem
1402 2223 1526 2288 formas

337 2346 486 2402 vetustas
508 2335 607 2402 nobis
631 2336 849 2422 suppeditent,
882 2359 964 2422 quas
992 2359 1059 2401 non
1081 2359 1124 2402 ex
1146 2335 1304 2401 librorum
1326 2357 1426 2401 mauu
1450 2336 1527 2399 scri·

338 2458 470 2533 ptorum
492 2450 640 2534 vestigiis
663 2450 828 2535 expiscari
850 2448 958 2516 liceat.

441 2559 508 2626 Sed
521 2583 564 2626 ne
579 2562 613 2627 in
630 2560 728 2626 aliam
744 2570 872 2646 partem
895 2583 935 2626 ac
952 2561 1040 2626 dicta
1064 2571 1139 2626 sunt
1160 2560 1263 2626 verba
1278 2583 1353 2626 mea
1370 2559 1527 2645 accipias,

338 2672 420 2736 scito
444 2694 496 2737 me
517 2671 607 2738 haud
629 2675 790 2757 ignorare,
821 2673 998 2759 quartillae
1021 2675 1226 2740 auctoritatis
1250 2675 1316 2738 sint
1337 2673 1471 2739 codices
1493 2673 1528 2736 in

337 2785 574 2852 conservandis
612 2784 727 2850 formis
761 2786 995 2870 grammaticis,
1030 2795 1062 2851 et
1095 2785 1175 2850 mihi
1209 2807 1338 2872 quoque
1366 2784 1528 2849 rationem

337 2906 469 2961 centum
484 2895 655 2962 codicibus
670 2897 831 2983 potiorem
847 2919 936 2963 esse:
961 2905 995 2962 at
1010 2899 1037 2962 si
1053 2897 1242 2962 Terentium
1256 2906 1387 2984 praeter
1401 2905 1527 2961 ceteros

338 3008 520 3074 lectitatum
547 3009 738 3096 formasque
765 3018 913 3076 vetustas
937 3017 1026 3075 certe
1047 3009 1124 3075 inde
1154 3033 1174 3074 a
1196 3009 1241 3076 Μ.
1265 3007 1425 3074 Varronis
1448 3015 1528 3072 tem·

337 3118 473 3203 poribus
497 3119 669 3205 diligenter
701 3131 854 3187 enotatas
886 3143 960 3188 esse
989 3123 1023 3187 in
1053 3121 1228 3210 propatulo
1263 3131 1323 3204 est,
1346 3119 1429 3184 haec
1452 3119 1528 3203 ipsa

335 3233 419 3296 ratio
454 3233 580 3316 suadet,
618 3241 654 3299 ut
685 3255 747 3299 nos
782 3235 1008 3300 contineamus
1040 3236 1128 3300 intra
1160 3233 1253 3316 fines,
1289 3231 1406 3320 quibus
1442 3232 1525 3296 miro

337 3364 500 3408 consensu
522 3351 554 3408 et
576 3351 703 3409 veteres
718 3344 924 3430 grammatici
946 3353 980 3408 et
994 3345 1127 3410 codices
1142 3344 1323 3410 formarum
1343 3345 1528 3430 priscarum

337 3475 431 3520 usum
453 3455 685 3522 Terentianum
708 3456 990 3523 circumscribunt.
1026 3458 1142 3544 Itaque
1165 3480 1225 3544 pro
1249 3467 1338 3523 certo
1362 3456 1528 3522 affirmare

338 3569 444 3634 ausim
473 3568 552 3633 iam
574 3569 619 3633 M.
643 3570 813 3635 Terenti
837 3571 1041 3637 Varronis
1069 3571 1235 3637 Reatini
1269 3567 1526 3653 temporibus

336 3678 506 3745 fabulas
530 3681 826 3765 Terentianae,
859 3683 964 3763 quod
997 3683 1158 3768 quidem
1193 3683 1242 3747 ad
1273 3682 1434 3746 formas
1467 3701 1528 3744 ve-

336 3802 473 3857 tustas
500 3794 667 3875 attinet,
701 3794 761 3858 ita
794 3793 882 3858 fere
917 3795 1049 3859 fuisse
1079 3774 1318 3876 lectitatas,
1351 3801 1394 3857 ut
1421 3811 1528 3857 nunc

335 3902 541 3970 habemus.
568 3905 680 3988 Porro,
700 3915 736 3969 ut
758 3907 896 3990 ingenue
919 3905 1036 3987 fatear,
1059 3908 1126 3970 iam
1147 3927 1214 3972 non
1237 3904 1378 3990 amplius
1403 3903 1528 3988 dubito,

339 4063 541 4074 —n———m-

439 4143 470 4208 ¹³)
490 4142 531 4194 Of.
544 4144 766 4211 Bitscbel.'proll.
778 4162 804 4211 p.
824 4145 952 4196 CXVIII:
970 4140 1034 4197 ‘non
1047 4162 1175 4212 quaeram
1188 4163 1260 4197 nunc
1272 4152 1363 4197 utrum
1376 4145 1528 4210 asperiores

336 4232 395 4282 sibi
423 4247 504 4297 quam
520 4231 634 4282 Plautus
663 4247 788 4283 numeros
807 4231 951 4284 Terentius
979 4231 1130 4296 indulserit,
1158 4248 1193 4283 an
1220 4233 1300 4284 buius
1325 4231 1481 4282 comoediae
1499 4235 1530 4280 ut

336 4317 485 4368 studiosius
510 4319 591 4366 etiam
614 4332 695 4382 quam
719 4317 862 4368 Plautinae
886 4323 914 4368 et
935 4317 1073 4369 lectitatac
1098 4324 1124 4368 et
1148 4334 1165 4369 a
1189 4319 1371 4385 grammaticis
1395 4321 1529 4367 tractatas

339 4403 451 4455 maioris
470 4403 633 4469 integritatis
652 4405 771 4469 speeiem
780 4404 946 4454 mentiantur
958 4410 1071 4469 tantum,
1090 4421 1185 4471 reapse
1199 4405 1267 4456 adeo
1281 4407 1432 4472 graviorem
1445 4403 1532 4452 inter-

334 4491 507 4556 polationem
524 4504 621 4554 passae
635 4490 707 4540 sint:
726 4489 799 4554 quod
816 4494 847 4540 ut
864 4489 980 4554 credam,
999 4507 1053 4541 non
1071 4491 1146 4542 leves
1164 4507 1207 4542 me
1226 4507 1324 4542 causae
1341 4481 1469 4542 movent’
