3360 5188
5 775 7 862 1

661 483 875 547 -63-

173 670 337 740 'admisse'
362 674 432 739 Mil.
457 673 557 756 1287,
572 671 736 738 ‘misisse'
761 674 880 740 Pseud.
904 672 977 757 901,
1001 671 1074 756 985,
1098 670 1194 739 01111.
1218 673 1291 738 490.

247 837 249 844 .
275 786 451 851 Praeterea
475 795 607 851 exstant
629 787 753 851 formae
775 786 939 872 pleniores
961 787 1041 852 hae:

169 895 352 984 ‘aspexisti'
387 898 511 963 Bacch.
546 895 619 982 204,
654 897 724 963 Mil.
761 897 861 980 1262,
894 895 1090 982 ‘neglexisti'
1123 898 1244 985 Amph.
1283 897 1361 974 586;

339 1007 487 1095 nupsisti'
501 1010 619 1076 Pseud.
636 1007 915 1096 3143‘dempsisti’
934 1013 1030 1076 Truc.
1047 1010 1120 1093 264,
1144 1013 1265 1077 Bacch.
1282 1011 1361 1095 671,

325 1119 515 1207 ‘sumpsisti'
531 1123 628 1187 Truc.
643 1123 705 1186 843
715 1147 723 1205 ,
735 1119 906 1208 ‘erepsisti'
923 1122 996 1187 Aul.
1010 1122 1090 1208 628,
1102 1121 1360 1209 ‘comtempsisti'

329 1234 422 1300 Asin.
440 1233 520 1318 416,
533 1231 744 1320 ‘prompsisti'
763 1233 832 1300 Mil.
851 1234 930 1317 829,
943 1232 1157 1320 ‘adspersisti'
1175 1236 1272 1321 Epid.
1290 1234 1362 1320 555,

328 1346 425 1411 Truc.
438 1346 518 1429 366,
530 1343 702 1412 'mansisti'
719 1348 816 1412 Truc.
833 1347 905 1431 843,
919 1347 1038 1433 Amph.
1055 1346 1128 1431 546,
1144 1348 1266 1412 Bacch.
1283 1347 1362 1428 247,

325 1454 509 1524 ‘delusistis
528 1457 622 1524 Asin.
657 1459 736 1542 677,
767 1455 920 1525 ‘sensisti'
951 1459 1071 1545 Amph.
1107 1459 1185 1542 729,
1217 1457 1360 1525 ‘vixisse'

329 1570 429 1634 Most.
448 1569 540 1655 1002,
559 1572 680 1636 Bacch.
699 1569 770 1655 150,
789 1570 883 1657 Capt.
901 1571 973 1654 792,
990 1573 1089 1637 Poen.
1106 1570 1185 1655 304,
1198 1569 1360 1656 ‘gessisse'

331 1682 430 1747 Most.
457 1682 527 1766 776,
545 1681 641 1769 Oapt.
658 1681 737 1767 404,
758 1681 914 1748 ‘iussisse’
932 1685 1022 1749 Trin.
1041 1682 1119 1768 779,
1139 1680 1360 1750 ‘abstrusisse'

329 1792 405 1858 Aul.
423 1794 502 1879 617,
522 1792 778 1882 ‘compressisse'
796 1796 871 1861 Aul.
896 1795 975 1880 689,
995 1792 1160 1862 ‘suasisse'
1180 1797 1272 1861 Asin.
1289 1797 1362 1861 462.

280 1905 355 1987 Qua
378 1930 420 1971 ex
444 1908 655 1993 discriptione
690 1909 870 1974 luculenter
892 1919 1030 1995 apparet
1053 1910 1176 1974 formas
1199 1909 1363 1994 pleniores

176 2018 275 2102 longe
297 2020 488 2103 praevalere
511 2021 601 2104 apud
615 2020 768 2085 Plautum
785 2029 882 2106 atque
906 2023 933 2086 si
955 2021 1077 2086 formas
1101 2045 1159 2107 per
1183 2044 1365 2107 syncopam

180 2143 268 2199 ortas
285 2132 454 2197 Plautinas
478 2155 553 2197 cum
567 2134 773 2198 Terentianis
796 2157 1027 2219 comparamus
1050 2137 1089 2199 in
1112 2159 1182 2201 sex
1199 2136 1365 2200 Terenti

179 2245 332 2311 fabulis
363 2243 502 2330 plures
540 2248 625 2310 eius
657 2246 764 2311 modi
798 2246 947 2310 formas
981 2249 1213 2331 reperimus,
1249 2269 1365 2331 quam

178 2358 347 2422 Plautus
371 2361 410 2422 in
432 2359 581 2440 viginti
604 2358 826 2422 comoediis
849 2358 1045 2422 adhibuit.

282 2468 379 2550 Quod
403 2472 552 2554 quamvis
582 2473 686 2555 primo
714 2480 852 2554 aspectu
880 2471 980 2534 miros
1003 2492 1063 2534 nos
1086 2469 1215 2552 habeat,
1239 2473 1286 2534 ita
1309 2494 1365 2536 cx·

178 2582 367 2668 plicandum
389 2604 517 2665 censeo,
541 2592 578 2647 ut
600 2583 662 2647 hac
678 2584 712 2648 in
729 2606 765 2647 re
781 2585 939 2648 sermonis
961 2582 1077 2646 urbani
1097 2583 1267 2648 familiaris
1292 2606 1365 2668 pro·

178 2697 350 2780 prietatem
372 2715 600 2777 agnoscamus.
626 2693 778 2758 Ceterum
793 2692 853 2758 has
876 2695 998 2758 formas
1015 2697 1115 2760 etiam
1130 2695 1219 2779 apud
1236 2693 1365 2760 Cicero·

178 2829 252 2871 nem
274 2808 409 2891 reperiri
438 2809 564 2870 monuit
585 2806 804 2870 Buechelerus
827 2806 912 2870 Mus.
941 2805 1044 2871 Rhen.
1068 2807 1119 2871 XI
1151 2806 1259 2887 (1857)
1290 2803 1364 2886 509,

179 2919 280 2983 veluti
314 2917 589 3002 aratorium,
615 2919 643 2998 1,
668 2920 742 2983 Fin.
758 2919 792 2982 II
815 2919 844 3001 3,
870 2917 911 2981 10
929 2915 1046 2997 Γ(111111,
1070 2941 1129 3004 pro
1153 2919 1238 2985 Sest.
1257 2918 1306 3002 12,
1323 2917 1364 2982 28

175 3027 301 3113 ‘dixet',
326 3029 369 3094 ad
392 3031 461 3096 Att.
485 3032 570 3096 XIII
598 3030 650 3115 32,
678 3031 698 3094 3
723 3028 918 3114 ‘intellexti',
948 3030 992 3095 ib.
1016 3032 1047 3096 V
1069 3029 1099 3114 9,
1130 3031 1150 3093 2
1174 3027 1363 3115 ‘rescripsti'

182 3143 235 3222 (11.
257 3143 349 3208 Neue
372 3144 425 3207 II²
448 3143 512 3207 536
536 3145 619 3229 sqq.)

282 3255 312 3320 8.
336 3256 555 3340 Imperativus
573 3253 667 3320 ‘face'
700 3257 734 3321 in
755 3255 820 3320 fine
849 3277 1002 3320 versuum
1024 3255 1143 3339 legitur
1166 3255 1267 3319 Andr.
1291 3254 1364 3338 680,

182 3367 254 3451 821,
279 3367 351 3451 833,
375 3368 459 3432 Eun.
484 3366 535 3450 90,
558 3368 659 3438 Haut.
683 3365 734 3450 80,
758 3367 888 3432 Phorm.
912 3366 984 3450 397,
1010 3366 1081 3451 674,
1106 3368 1170 3433 Ad.
1193 3368 1266 3452 241,
1291 3366 1364 3434 906.

181 3480 219 3544 In
241 3481 350 3545 medio
375 3489 484 3543 autem
506 3502 605 3543 versu
627 3489 703 3544 ante
733 3479 883 3543 vocalem
905 3478 1038 3544 codices
1063 3481 1201 3544 candem
1224 3482 1366 3547 formam

182 3593 316 3658 tradunt
338 3593 441 3658 Andr.
468 3593 546 3656 712:
565 3591 615 3658 ‘ut
638 3595 766 3659 ducam.
789 3593 986 3658 Ridiculum.
1009 3594 1084 3657 Huc
1108 3595 1181 3658 face
1205 3594 1249 3658 ad
1263 3615 1315 3657 mc
1330 3603 1367 3658 ut

179 3708 311 3789 venias,
352 3707 461 3790 siquid
498 3702 639 3792 poteris?
686 3706 824 3790 Legitur
860 3716 969 3771 autem
1002 3703 1077 3770 ‘fac'
1118 3715 1193 3770 ante
1231 3705 1364 3770 vocales

181 3818 283 3883 Andr.
318 3817 391 3902 408,
427 3818 499 3902 483,
535 3820 619 3882 Eun.
656 3818 726 3902 189,
762 3816 835 3902 207,
871 3819 944 3902 281,
979 3817 1052 3899 362,
1086 3818 1159 3901 477,
1189 3817 1261 3901 534,
1294 3816 1365 3901 769,

182 3931 282 3995 Haut.
310 3929 382 4013 550,
407 3930 479 4014 925,
514 3932 644 3996 Phorm.
669 3931 742 4014 671,
767 3931 838 4014 784,
873 3932 955 3996 Hec.
981 3930 1052 4014 764,
1082 3930 1145 3995 Ad.
1172 3928 1251 4013 706,
1290 3939 1366 3994 ante

183 4054 403 4108 consonantes
426 4044 510 4108 Eun.
538 4044 609 4128 196,
634 4045 707 4127 311,
723 4042 796 4127 320,
814 4043 887 4127 476,
903 4042 976 4126 501,
995 4045 1067 4126 815,
1085 4041 1179 4126 1042,
1195 4045 1296 4108 Haut.
1314 4042 1365 4126 84,

180 4152 244 4218 925
267 4151 357 4230 (fac
381 4159 418 4220 to
434 4165 560 4240 patrem
577 4179 650 4221 essc
667 4159 802 4222 sentiat:
826 4157 891 4222 111
908 4165 950 4220 ut
965 4151 1119 4237 audeat'),
1143 4147 1275 4221 Phorm.
1292 4155 1364 4239 933,

182 4263 245 4330 Ad.
269 4265 343 4350 381,
367 4266 439 4350 511,
464 4268 536 4351 512,
562 4266 633 4351 756,
651 4269 723 4352 813,
741 4267 803 4332 842
829 4266 951 4350 (hodic
974 4268 1072 4332 modo
1097 4268 1237 4333 hilarum
1252 4269 1304 4333 falc
1320 4278 1363 4333 te.

181 4377 224 4456 Et
246 4380 345 4443 istam
378 4377 555 4464 psaltriam'
580 4381 620 4463 A,
655 4383 755 4446 ceteri
791 4382 887 4448 codd.
907 4378 951 4447 ‘tc
981 4379 1054 4464 fac',
1089 4380 1175 4446 unde
1198 4381 1365 4446 Bentleius

175 4471 342 4575 Γ1111111),
356 4491 428 4576 909,
442 4491 514 4570 940,
528 4493 601 4558 942.
618 4496 689 4562 Iam
707 4497 734 4559 si
750 4493 935 4579 quindecim
947 4492 1182 4560 locis-formam
1196 4493 1363 4578 uolgarem
