3360 5188
805 431 1018 496 .24.κ

318 636 388 696 tem
425 645 498 688 raro
538 620 628 707 apud
669 628 797 686 veteres
836 622 1013 706 scriptores
1052 619 1183 686 obviam
1220 620 1267 701 fit,
1303 619 1331 686 si
1374 617 1505 704 quidem

318 736 402 803 fides
425 743 477 804 est
497 732 652 800 habenda
678 755 813 798 numero
837 732 985 800 locorum
1007 755 1027 796 a
1049 733 1153 798 Nouio
1177 731 1296 798 11223Ι
1321 730 1505 810 allatorum,

319 860 356 914 ut
377 849 447 914 iure
470 846 613 914 dubitari
636 846 751 930 possit,
774 867 853 910 num
875 844 940 911 abl.
968 847 1002 910 in
1025 845 1058 926 -i,
1083 844 1138 929 qui
1159 843 1256 911 nobis
1279 843 1411 929 quidem
1433 841 1503 908 solo

317 960 451 1025 Terenti
472 957 546 1023 loco
571 956 720 1040 traditur,
758 957 866 1024 minus
888 956 924 1022 in
943 979 1006 1024 usu
1027 956 1135 1039 fuerit,
1159 977 1257 1041 quam
1279 955 1386 1022 forme
1408 956 1442 1022 in
1463 978 1504 1035 -e,

316 1071 476 1158 imprimis
500 1092 574 1137 cum
596 1067 886 1134 Pseudo-Palaem.
910 1065 982 1152 539,
1006 1067 1046 1132 41
1063 1068 1106 1134 Κ.
1122 1088 1237 1134 vocem
1258 1067 1343 1134 inter
1366 1089 1422 1134 ees
1444 1075 1505 1134 ret·

318 1182 438 1268 tulerit,
463 1205 547 1268 qnae
569 1191 606 1248 ut
622 1177 729 1267 ‘ignis’
753 1183 788 1248 in
809 1183 821 1246 i
843 1181 897 1246 vel
919 1183 953 1248 in
975 1205 1007 1247 -e
1029 1182 1161 1247 mittant
1184 1173 1375 1246 ablativum.

420 1347 450 1410 3.
474 1345 655 1411 Locativns
673 1341 760 1409 ‘luci'
785 1346 862 1430 quin
885 1354 992 1410 exstet
1014 1343 1078 1408 Ad.
1102 1343 1181 1408 841:
1201 1341 1290 1409 ‘cum
1312 1344 1416 1430 primo
1440 1341 1505 1407 luci

317 1458 371 1523 ibo
397 1455 480 1524 hinc'
499 1458 641 1524 dubitari
663 1459 786 1544 nequit,
811 1457 1022 1522 confirmatur
1044 1459 1129 1522 enim
1151 1456 1293 1522 lectione
1307 1457 1457 1523 Bembini
1474 1471 1506 1526 et

318 1568 419 1635 schol.
442 1570 557 1635 Bemb.
585 1566 811 1654 (cumprime
834 1567 914 1634 luce'
939 1578 1015 1635 cett.
1039 1570 1162 1649 codd).
1202 1571 1313 1634 Locos
1335 1568 1505 1637 Plautinos

317 1691 555 1766 congesserunt
575 1682 659 1746 Brix
681 1682 724 1745 ad
740 1681 827 1746 Men.
865 1681 948 1745 1008
972 1691 1004 1747 et
1026 1682 1174 1766 Wagner
1196 1684 1240 1747 ad
1256 1681 1330 1747 Aul.
1358 1681 1430 1747 741.
1455 1685 1506 1750 De

315 1795 422 1858 forma
454 1795 529 1878 ipsa
557 1793 599 1857 cf.
628 1792 672 1857 H.
708 1792 843 1874 Usener,
881 1793 1000 1858 Annal.
1034 1794 1199 1860 Fleckeis.
1238 1793 1366 1864 CXVII
1393 1796 1502 1878 (1878)

320 1907 359 1968 77
396 1929 454 1993 sq.,
491 1908 546 1992 qui
580 1906 722 1971 formam
757 1928 825 1971 non
857 1928 930 1970 esse
964 1908 1152 1992 genetivum
1183 1907 1317 1992 (Bergk,
1355 1907 1507 1994 Beitrdge

316 2042 375 2083 aur
404 2019 460 2084 lat.
496 2017 643 2083 Gramm.
680 2018 697 2081 I
723 2016 833 2097 (1870)
871 2015 931 2079 147
962 2039 1022 2102 sp.,
1053 2019 1111 2084 ubi
1143 2019 1237 2085 locos
1271 2020 1389 2106 quibus
1418 2018 1504 2088 ‘luci'

317 2133 436 2216 legitur
466 2139 641 2214 congestos
664 2130 837 2212 invenies),
872 2129 930 2195 sed
953 2128 1131 2196 locetivum
1154 2133 1400 2199 demonstravit.
1447 2133 1505 2198 Oe·

316 2253 422 2308 terum
444 2243 631 2328 Heusinger
654 2264 712 2309 suo
735 2242 805 2306 iure
829 2239 897 2306 Cic.
922 2244 963 2308 de
986 2242 1039 2306 off.
1056 2241 1107 2307 III
1130 2241 1182 2326 31,
1207 2242 1269 2306 112
1287 2239 1376 2310 ‘cum
1399 2245 1502 2329 primo

317 2352 389 2426 luci'
417 2356 554 2442 scripsit,
593 2355 745 2446 idemque
767 2349 896 2424 re‘stitui
917 2354 1008 2420 iubet
1030 2354 1197 2424 Usenerus
1221 2354 1316 2424 Caes.
1340 2355 1415 2426 bell.
1439 2357 1501 2420 civ.

316 2468 330 2530 Ι
355 2467 406 2550 81,
432 2467 453 2530 3
476 2476 508 2531 et
531 2465 599 2531 Cic.
623 2468 666 2535 ad
690 2466 758 2534 Att.
782 2466 832 2530 IV
852 2465 882 2552 3,
907 2465 937 2534 4.

315 2605 512 2674 Locetivum
530 2601 691 2690 ‘tempori'
716 2605 963 2674 Fleckeiscnius
986 2606 1069 2672 Hoc.
1093 2605 1173 2670 531:

358 2737 511 2826 'pistum
536 2744 730 2827 praesertim
753 2765 828 2807 cum
850 2751 883 2807 et
897 2753 985 2809 recte
1001 2753 1033 2808 et
1049 2744 1188 2830 tempori
1205 2767 1264 2809 suo
1281 2739 1449 2831 pepererit²

316 2855 457 2941 scripsit,
482 2855 570 2941 quod
594 2853 723 2940 syllaba
745 2854 861 2919 ultima
883 2856 1047 2941 producta
1068 2857 1102 2920 in
1120 2853 1303 2941 ‘tempore',
1336 2855 1426 2942 quod
1449 2879 1503 2920 ex-

316 2976 381 3032 stet
403 2967 436 3031 in
460 2966 641 3051 codicibus,
666 2968 695 3032 ei
719 2968 890 3032 offensioni
911 2968 982 3033 fuit.
1008 2966 1074 3034 Sed
1089 2991 1156 3034 non
1180 2969 1409 3034 offendendum
1432 2991 1505 3033 esse

313 3079 348 3142 in
372 3077 437 3143 hac
457 3101 493 3143 re
516 3077 611 3164 plura
634 3078 786 3164 exempla
809 3079 1008 3144 Terentiana
1038 3080 1284 3164 demonstrant,
1323 3080 1364 3145 de
1387 3079 1505 3166 quibus

314 3191 357 3255 cf.
381 3190 530 3275 Wagner
558 3191 591 3254 in
622 3189 707 3256 Mus.
730 3190 833 3256 Rhen.
864 3191 967 3256 XXII
992 3191 1053 3256 113
1094 3214 1181 3278 sqq.,
1216 3191 1363 3274 Mueller,
1398 3190 1504 3256 Pleut.

316 3325 402 3386 pros.
428 3301 477 3384 16,
522 3301 689 3366 Dniatzko
714 3301 843 3368 adAd.
867 3301 939 3366 346.
971 3303 1152 3370 Deforme
1179 3304 1252 3390 ipsa
1281 3306 1415 3389 copiose
1437 3304 1506 3386 'egit

314 3411 513 3478 Ritschelius
537 3413 705 3478 advitam
728 3414 862 3479 Terenti
884 3417 918 3480 in
941 3415 1030 3482 Suet.
1054 3416 1147 3481 Reiff.
1171 3439 1202 3502 p.
1219 3414 1281 3480 507
1299 3439 1370 3502 sqq.
1394 3415 1505 3481 Locos

314 3524 483 3590 Plautinos
507 3524 610 3590 habes
633 3526 724 3612 apud
745 3525 894 3591 Neueum
915 3525 967 3590 ΙΙΩ
989 3526 1051 3590 672
1076 3549 1145 3613 sq.,
1185 3528 1245 3593 sed
1265 3527 1299 3591 hi
1322 3549 1436 3593 omnes
1458 3529 1505 3590 ita

314 3645 389 3702 sunt
412 3639 610 3723 comparati,
642 3646 677 3702 ut
694 3633 856 3723 ‘tempori'
890 3637 954 3718 (vel
971 3633 1129 3725 ‘temperi'
1154 3648 1189 3703 ut
1210 3636 1408 3705 Ritsohelius
1430 3637 1450 3703 l.
1475 3661 1504 3702 c.

311 3748 396 3831 vult)
418 3749 581 3816 adiectivo
605 3772 672 3815 non
694 3749 807 3814 addito
833 3748 981 3816 adverbii
996 3751 1068 3816 vice
1085 3752 1136 3816 sit.
1160 3751 1275 3838 ltaque
1299 3753 1397 3817 etiam
1418 3751 1504 3815 hanc

310 3860 357 3926 ob
374 3884 509 3927 causam
524 3861 731 3930 Fleckeiseni
747 3863 968 3928 emendationi
983 3865 1040 3927 vix
1053 3865 1226 3950 quisquam
1238 3863 1503 3950 adstipulabitur.

317 3973 468 4054 (Prorsus
505 3984 622 4040 eontra
656 3974 787 4060 linguae
823 3997 919 4044 usum
946 3976 1087 4041 formam
1121 3977 1289 4042 Bentleius
1313 3978 1414 4043 Haut.
1441 3975 1502 4039 187

310 4086 459 4171 scripsit:
479 4082 591 4171 ‘atque
614 4086 713 4155 etiem
735 4111 822 4159 nuno
845 4090 925 4158 satis
941 4091 1080 4176 tempori
1103 4085 1186 4169 cst’).
1211 4090 1383 4158 Terentius
1406 4089 1505 4173 igitur

311 4219 476 4284 nusquam
498 4195 600 4264 habet
619 4195 790 4285 ‘temperi',
816 4200 875 4270 sed
896 4199 1000 4266 Andr.
1036 4199 1097 4264 758
1111 4251 1118 4284 ,
1155 4201 1255 4268 Haut.
1294 4200 1502 4284 seersum.

312 4307 382 4372 464
395 4305 443 4376 ‘in
466 4307 621 4398 tempore’
650 4312 768 4392 (Andr.
780 4311 854 4395 532,
878 4311 951 4394 974,
976 4312 1068 4382 Hoc..
1082 4313 1144 4376 627
1163 4311 1209 4382 ‘in
1233 4324 1379 4401 tempore
1403 4310 1500 4398 ipso')

306 4421 421 4490 dicere
444 4422 536 4492 solet.
