3360 5188
800 403 1014 470 ..28-

316 593 545 659 declinationis
581 592 768 676 analogiam
802 593 959 680 perfacile
986 592 1158 658 admisisse
1182 602 1232 658 sat
1254 602 1302 660 mt
1318 595 1369 660 uis
1394 615 1504 660 exem-

318 705 381 790 plis
405 726 580 790 possumus
611 703 836 772 demonstrare
870 705 924 786 (cf.
947 705 1039 770 Neue
1061 705 1109 772 11²
1133 704 1173 770 81
1198 705 1294 791 sqq.).

419 814 450 878 4.
472 814 682 882 Adiectivum
705 812 822 901 ‘potis',
844 816 934 903 apud
962 817 1150 884 Terentium
1172 816 1225 881 his
1254 815 1373 901 legitur
1399 814 1502 884 locis:

420 927 523 996 Andr.
547 926 626 993 437:
653 924 759 1014 ‘potin
781 931 816 996 ds
838 928 918 994 mihi
939 951 1053 997 verum
1075 927 1207 994 dicare?
1234 927 1322 994 Nihil
1344 921 1494 1006 facilius,

420 1040 505 1108 Eun.
531 1037 609 1104 101:
639 1035 715 1104 ‘hoe
739 1042 888 1124 primum,
923 1042 1016 1126 potin
1038 1050 1088 1106 est
1109 1040 1161 1106 hic
1189 1040 1322 1108 tacere?
1356 1041 1495 1126 Egone?

317 1148 471 1238 dptume'‚

420 1263 465 1329 ib.
487 1262 567 1328 263:
598 1259 639 1330 ‘si
673 1263 759 1349 pdtis
783 1272 842 1347 est,
875 1272 1045 1348 tamqnam
1077 1263 1349 1350 philosophorum
1381 1263 1504 1332 habent

318 1374 514 1463 disciplinae
536 1397 578 1440 ex
600 1371 703 1461 ipsis',

422 1488 524 1553 Haut.
554 1485 636 1551 321:
662 1481 831 1572 ‘Clitipha
854 1509 889 1553 es
918 1509 1023 1573 neque
1050 1488 1129 1554 fdrri
1158 1489 1245 1574 petis
1267 1510 1313 1553 es.
1356 1485 1504 1554 Addiun·

318 1600 397 1668 dnm
418 1598 527 1666 hercle
550 1602 609 1682 est,
633 1595 715 1664 tsce'
737 1594 934 1684 (A‘potes'),

318 1777 319 1784 χ
420 1710 466 1777 ib.
487 1709 569 1774 659:
600 1707 643 1774 ‘si
666 1712 752 1795 potis
775 1721 826 1775 est
847 1713 990 1796 reperiri.
1036 1711 1164 1778 Interii:
1198 1710 1273 1797 pius
1307 1714 1378 1797 spei
1407 1710 1501 1778 videt

318 1827 419 1912 quam
441 1819 538 1905 vulo',

421 1933 552 2000 Phorm.
568 1932 648 1998 379:
667 1931 709 2000 ‘si
725 1933 784 2000 tibi
800 1933 932 2020 plaeere
948 1937 1034 2022 pdtis
1051 1945 1109 2018 est,
1131 1936 1212 2002 mihi
1226 1945 1263 2002 ut
1276 1930 1498 2022 respdndeas',

423 2045 505 2112 Hes.
525 2043 608 2110 ,3952
638 2040 742 2130 ‘qudd
763 2055 796 2112 te
819 2047 902 2112 seire
924 2047 998 2132 ipsa
1020 2046 1145 2114 indicat
1166 2069 1228 2112 res.
1251 2051 1338 2114 nunc
1363 2049 1390 2111 si
1414 2048 1500 2132 potis

319 2168 379 2241 est,
403 2152 593 2242 Pamphile',

421 2268 485 2334 Ad.
509 2267 592 2334 344:
621 2264 748 2353 fpeidre
778 2290 833 2334 res
855 2266 929 2333 loeti
963 2290 1030 2335 non
1060 2269 1147 2354 potis
1166 2278 1221 2334 est
1243 2272 1316 2336 asse
1347 2291 1448 2356 quam
1468 2271 1504 2335 in

318 2405 385 2469 qno
409 2384 496 2447 minc
519 2381 584 2445 sita
607 2375 675 2461 est',

421 2493 466 2559 ib.
490 2491 569 2556 521:
598 2487 659 2556 ‘ita
680 2492 752 2575 fiat,
785 2500 820 2559 et
841 2492 925 2558 istun
959 2492 1043 2578 siqui
1067 2493 1154 2579 potis
1184 2501 1234 2557 est
1255 2493 1387 2558 rectius.
1430 2491 1502 2556 Itat

319 2627 398 2672 nam
419 2603 507 2670 himo
531 2599 636 2686 diem',

422 2715 466 2782 ib.
483 2713 562 2779 539:
581 2710 705 2800 ‘siquid
725 2713 866 2798 rogabit,
889 2715 1052 2798 nusquam
1073 2723 1109 2778 tu
1122 2737 1192 2782 me:
1216 2712 1384 2781 audistin?
1405 2712 1503 2780 Potin

319 2839 355 2894 ut
377 2821 529 2910 ddsinas',

422 2940 466 3008 ib.
483 2941 562 3008 626:
581 2937 735 3028 ‘nsquam
750 2939 873 3006 efferri:
896 2959 937 3006 ac
958 2940 1070 3006 mitto:
1093 2939 1164 3006 fieri
1179 2940 1266 3025 pdtis
1278 2949 1382 3006 estut
1397 2959 1505 3025 nequa

320 3050 440 3120 dxeat'.

431 3165 582 3230 Eandem
596 3164 736 3230 formam
751 3173 841 3229 reete
856 3164 998 3230 restituit
1007 3163 1178 3230 Bentleius
1192 3163 1277 3229 Eun.
1296 3163 1376 3228 113:
1389 3160 1507 3250 ‘neque

208 3305 212 3314 ·
319 3278 426 3342 scibat
458 3299 564 3363 nsque
586 3299 645 3362 per
668 3279 811 3342 aetatem
834 3278 933 3343 etiam
955 3276 1042 3362 pdtis
1066 3271 1145 3340 erat⁷
1174 3275 1287 3349 (codd.
1305 3271 1503 3362 '‘potuerat').

320 3389 472 3474 Denique
503 3389 615 3456 neseio
646 3411 688 3454 an
718 3389 835 3454 eodem
867 3389 978 3475 utique
1011 3388 1111 3454 mode
1133 3385 1237 3452 Andr.
1259 3385 1341 3452 691:
1372 3384 1504 3473 ‘quibus

321 3502 453 3586 quidem
465 3523 566 3586 quam
581 3499 678 3565 facile
692 3501 844 3586 pdtuerat
859 3500 993 3583 quiesci,
1017 3500 1044 3564 si
1059 3499 1111 3564 hie
1128 3495 1276 3586 quiesset’
1296 3499 1505 3565 scribendum

321 3615 363 3678 sit
382 3610 483 3698 ‘potis
506 3607 595 3677 erat’.
641 3611 733 3692 Quos
755 3611 849 3677 locos
878 3613 906 3677 si
929 3611 1176 3698 perlustramus,
1207 3613 1243 3678 id
1265 3612 1407 3678 omnium
1431 3632 1506 3698 pro·

321 3725 427 3811 prium
459 3745 533 3789 esse
566 3724 725 3807 videmus,
761 3721 926 3810 ut‘potis'
953 3734 1046 3790 ante
1079 3724 1235 3789 formas
1269 3723 1385 3790 verbi
1418 3722 1505 3788 sun

322 3837 495 3902 stantivi
514 3832 624 3904 ‘esse'
650 3858 739 3902 eum
761 3835 903 3900 vocali
925 3836 1177 3922 incipientes
1200 3834 1348 3919 legamus
1364 3844 1503 3921 excepto

321 3947 385 4012 Ad.
408 3946 488 4012 539:
519 3945 619 4034 ‘potis
647 3957 683 4012 ut
706 3943 858 4032 desinas',
887 3947 944 4014 ubi
966 3947 1105 4013 verbum
1140 3947 1380 4014 substantivum
1404 3946 1504 4029 deest,

324 4059 414 4145 quod
437 4082 476 4124 eo
494 4059 686 4146 explicatur,
711 4059 800 4145 quod
818 4055 925 4146 ‘potin
940 4053 983 4123 ut'
1003 4058 1126 4124 dudum
1140 4060 1174 4123 in
1189 4058 1365 4124 formulam
1378 4058 1506 4125 abierat

321 4173 532 4254 tritissimam,
556 4195 620 4258 qua
637 4170 757 4256 Syrum
780 4193 910 4236 servum
930 4170 1040 4256 lepide
1055 4170 1137 4236 facit
1158 4171 1330 4237 Terentius
1344 4179 1505 4252 utentem,

321 4283 364 4348 ef.
388 4283 493 4348 Plaut.
517 4282 637 4368 Amph.
661 4281 733 4366 903,
755 4283 841 4348 Rud.
865 4281 945 4346 425:
971 4278 1078 4368 ‘potin
1101 4291 1137 4347 ut
1160 4281 1328 4348 abstineas
1350 4277 1504 4362 manum’,

321 4394 407 4461 Men.
428 4393 510 4460 ¹466:
541 4390 646 4480 ‘potin
679 4404 716 4458 ut
749 4390 920 4480 quieseas',
955 4395 1044 4461 Trin.
1069 4393 1149 4458 628:
1182 4390 1289 4480 ‘potin
1320 4403 1356 4460 ut
1384 4413 1437 4459 me
1459 4395 1507 4458 ine
