3360 5188
560 1507 1046 1610 APPENDIX.

310 1912 364 1979 Ad
387 1911 525 2000 Adelph.
550 1938 582 1979 v.
602 1914 661 1980 181
679 1914 846 1980 Dziatzko
862 1916 896 1981 in
912 1917 1144 1981 commentario
1163 1914 1268 1981 bonae
1284 1915 1387 2001 frugis

208 2024 303 2109 pleno
341 2026 422 2092 haee
458 2029 612 2093 adnotat:
642 2023 720 2093 ‘Die
750 2028 896 2112 Endung
924 2027 983 2093 der
1011 2026 1324 2113 Umgangsspraehe
1350 2051 1384 2092 re

206 2146 285 2204 stadt
300 2140 344 2202 ris
366 2140 410 2204 ist
430 2139 485 2205 bei
508 2141 644 2224 Terenz,
668 2163 763 2205 wenn
775 2139 1051 2206 niehtmetrisehe
1075 2138 1211 2207 Grunde
1225 2140 1286 2206 wie
1303 2139 1391 2205 Her..

204 2250 266 2314 317
302 2250 355 2315 die
388 2250 512 2316 vollere
544 2252 645 2316 Form
679 2249 873 2336 empfehlen‚
909 2252 963 2318 die
996 2249 1249 2337 regelmdssige’.
1295 2249 1390 2331 Quae

202 2363 383 2429 rectissime
413 2364 590 2429 observata
618 2386 689 2430 esse
712 2384 807 2428 nemo
837 2363 961 2429 infitias
984 2363 1059 2430 ibit:
1085 2363 1143 2429 sed
1166 2364 1390 2430 demonstrare

203 2497 302 2560 posse
331 2474 427 2540 nobis
451 2475 601 2541 videmur
633 2475 774 2541 formam
803 2475 982 2562 pleniorem
1014 2476 1049 2539 in
1071 2475 1223 2542 Terentio
1258 2477 1388 2542 omnino

201 2609 275 2651 esse
313 2583 545 2652 damnandam.
591 2586 696 2668 Quem
734 2587 778 2654 ad
810 2587 911 2652 finem
953 2584 1045 2654 locor
1075 2585 1290 2654 Terentianae
1325 2589 1389 2654 hue

201 2707 390 2784 spectantes
415 2698 475 2765 sub
504 2721 569 2764 uno
595 2708 774 2784 conspectu
797 2699 850 2764 hie
872 2700 987 2764 afferre
1009 2700 1117 2766 iuvat:

310 2811 411 2877 Andr.
438 2810 517 2875 703:
546 2808 630 2876 ‘scio
665 2811 743 2894 quid
779 2833 907 2876 conere.
946 2809 1020 2876 Hoc
1054 2815 1115 2895 ego
1148 2811 1210 2876 tibi
1243 2814 1390 2899 profecto

201 2923 353 2989 effectum
376 2920 532 3008 reddam,

307 3036 351 3101 ib.
375 3034 455 3101 915:
480 3031 562 3101 ‘ndn
591 3037 637 3100 ita
661 3034 835 3101 arbitrdre:
865 3034 973 3101 bonus
1001 3046 1051 3101 est
1079 3036 1132 3102 hie
1160 3037 1221 3101 vir.
1251 3035 1316 3103 Hie
1343 3038 1394 3103 vir

202 3150 244 3212 sit
266 3143 391 3231 bound,

305 3259 390 3325 Eun.
414 3257 570 3325 2122‘110
593 3261 677 3324 istim
700 3267 767 3324 tam
790 3259 901 3345 iniquo
926 3261 1050 3344 pdtiare
1080 3261 1200 3325 animo.
1235 3259 1386 3327 Minime:

201 3375 258 3458 qui
282 3373 433 3439 effectdm
456 3368 563 3454 dabo',

306 3484 350 3550 ib.
373 3484 453 3549 219:
473 3481 565 3551 ‘nam
588 3493 645 3552 aut
666 3485 732 3548 idm
748 3492 911 3550 revertere
927 3485 984 3548 adt
999 3505 1078 3549 mox
1092 3493 1194 3550 noctu
1209 3493 1241 3551 te
1254 3486 1387 3572 ddigent

201 3594 333 3661 horsum
356 3591 539 3679 insdmnia',

304 3708 349 3773 ib.
374 3707 453 3774 275:
473 3706 588 3798 ‘quam
609 3708 672 3773 hoe
696 3710 813 3773 mimus
836 3715 966 3792 gratum
981 3706 1100 3772 Thdidi
1115 3706 1274 3772 arbitrdre
1290 3708 1387 3773 esse?

201 3819 275 3884 Hoc
297 3841 385 3885 nune
407 3815 509 3903 dicie',

305 3931 349 3998 ib.
373 3929 609 3998 372:‘tui1n's
632 3932 743 3997 fruare
767 3932 959 4014 odmmodis,
990 3930 1107 4018 quibus
1123 3940 1167 3996 »tu
1187 3929 1279 3996 illum
1302 3931 1387 3997 diee-

200 4043 262 4109 bes
285 4039 403 4128 modo',

304 4155 348 4221 ib.
373 4154 452 4221 717:
481 4151 648 4240 ‘dctumst,
684 4155 844 4241 siquidem
876 4157 912 4220 td
945 4175 998 4220 me
1030 4151 1083 4218 hic
1119 4155 1227 4236 etiem,
1256 4153 1386 4238 ndbnlo,

199 4263 434 4352 ludifiedbere'‚

303 4380 347 4445 ib.
372 4378 451 4444 731:
470 4377 595 4448 ‘videre
616 4381 696 4447 mihi
720 4401 819 4466 quam
840 4378 981 4444 dddum!
1006 4375 1104 4442 Certo
1128 4379 1164 4443 td
1187 4377 1316 4465 quidem
1332 4377 1392 4464 pol

199 4491 304 4557 multo
326 4489 482 4577 hilarior,
713 4485 715 4490 ’

252 4627 456 4680 Eugenium,
470 4626 548 4669 Studia
561 4627 699 4669 Terentium.
1029 4607 1032 4612 Ι
1232 4609 1248 4659 6
