3360 5188
654 495 868 560 „57..

167 678 304 762 dierat').
328 683 390 748 His
406 682 489 749 locis
507 706 619 750 omnes
642 685 710 749 fere
733 684 875 750 editores
891 688 1109 767 consentiunt,
1134 708 1240 772 neque
1256 709 1357 772 quon-

166 794 234 858 iam
256 792 387 861 Phorm.
410 793 493 858 652:
528 793 619 862 ‘nam
641 796 719 861 mihi
753 796 888 862 venibat
919 799 954 861 in
976 808 1120 863 mentem
1144 801 1213 864 eius
1235 801 1358 864 incom-

167 902 307 972 modum'
327 907 537 990 scripserunt,
560 907 628 972 ulla
641 918 711 974 erat
729 930 831 974 causa
845 910 1030 975 reiciendas
1048 911 1174 976 formae
1185 910 1356 976 Hecl'lbz

162 1014 260 1084 ‘bene
294 1017 492 1083 convenibat
526 1021 604 1084 sane
637 1021 723 1084 inter
745 1041 811 1084 eas.
840 1017 988 1085 interim!
1014 1021 1128 1087 Altero
1152 1030 1261 1087 autem
1283 1020 1356 1088 loco

169 1129 285 1209 (Andr.
309 1127 362 1208 90)
398 1129 487 1195 haud
522 1133 590 1196 scio
626 1154 667 1196 an
701 1133 770 1196 iure
806 1154 863 1197 suo
895 1133 1035 1197 formam
1058 1133 1227 1219 volgarem
1250 1129 1357 1198 servar‘

167 1242 288 1306 verint:
308 1238 562 1328 ‘quaerebamt
587 1243 856 1328 comperiebam
878 1244 959 1308 nihil
982 1245 1025 1309 ad
1054 1243 1280 1330 Pamphilum',
1301 1243 1359 1310 ubi

167 1375 264 1438 aegre
287 1355 455 1437 ferremuS,
494 1357 521 1419 si
546 1357 792 1435 ὁμοιοτέλευτον
820 1357 1118 1441 frequentissimum
1146 1356 1199 1433 (cf.
1223 1357 1357 1440 Hauler,

168 1467 366 1532 Terentiana
395 1466 670 1554 [Vindob.1882]
697 1491 729 1554 p.
753 1468 807 1547 21)
835 1468 1005 1533 deleretur.
1052 1468 1149 1535 Adde
1184 1469 1272 1554 quod
1305 1468 1358 1533 vel

166 1590 269 1644 metro
292 1579 492 1672 efflagitatur
506 1581 637 1646 Phorm.
654 1581 713 1645 83:
733 1577 787 1645 ‘ea
804 1580 969 1646 serviebat
983 1580 1095 1645 lenoni
1117 1576 1356 1663 impurissimo',

169 1714 266 1776 quem
289 1692 421 1777 quidem
453 1694 563 1758 locum
594 1703 784 1779 corruptum
805 1716 878 1759 esse
905 1695 1092 1778 suspicatur
1113 1693 1280 1758 Usenerus
1311 1690 1356 1755 la-

167 1825 287 1867 cunam
309 1817 384 1888 post
407 1806 492 1869 hune
515 1828 647 1870 versum
669 1806 830 1887 indicans,
854 1806 913 1870 sed
934 1806 1120 1870 necessario
1148 1827 1216 1869 non
1237 1804 1358 1888 requiri

167 1940 215 1998 ea,
240 1939 325 2005 quae
348 1917 511 1982 excidisse
533 1927 645 1982 censet
661 1940 700 1982 ac
725 1918 751 1981 si
774 1915 958 2002 legerentur
979 1919 1013 1981 in
1029 1916 1210 1982 codicibus'
1228 1938 1263 1982 re
1279 1938 1358 1980 vera

169 2033 300 2097 minime
323 2029 532 2112 offenderent,
566 2030 637 2114 ipse
673 2030 789 2114 opinor
809 2031 861 2093 vir
892 2029 1101 2093 doctissimus
1123 2050 1191 2094 non
1213 2027 1357 2112 negabit.

166 2143 280 2228 Neque
302 2142 398 2206 video
422 2163 481 2205 cur
503 2164 571 2206 non
594 2164 633 2206 ea
655 2121 762 2205 lorma
777 2141 967 2206 Terentium
981 2162 1077 2206 usum
1099 2162 1172 2204 esse
1194 2146 1356 2234 putemus,

165 2277 267 2341 quam
288 2255 423 2318 Plautus
446 2255 512 2318 iam
534 2254 626 2317 novit
648 2263 746 2337 atque
769 2251 926 2316 adhibuit.
957 2250 1084 2330 Quodsi
1107 2271 1148 2314 ea
1169 2271 1244 2314 raro
1269 2249 1358 2333 apud

170 2369 338 2432 scaenicos
371 2367 549 2451 reperitur,
579 2365 614 2429 id
635 2374 739 2429 metro
772 2362 966 2449 explicatur,
989 2372 1026 2426 ut
1048 2361 1194 2448 plerique
1216 2360 1281 2425 loci
1296 2361 1358 2425 Te-

170 2478 308 2544 rentiani
335 2478 463 2542 docent.

269 2591 450 2675 Praecepto
474 2589 522 2653 illi
543 2587 736 2653 Bentleiano
761 2587 801 2652 de
823 2586 925 2651 verbo
944 2582 1021 2651 ‘aio'
1046 2585 1080 2650 hi
1113 2607 1228 2652 versus
1264 2608 1358 2672 repu-

165 2712 286 2787 gnant:
324 2701 427 2766 Andr.
453 2699 531 2765 9301
551 2697 802 2765 ‘Rhamnusium
831 2721 865 2762 se
888 2697 998 2764 aiebat
1020 2721 1102 2764 esse.
1149 2696 1357 2783 OIr'ippiter.

168 2822 296 2888 Eadem
316 2822 410 2905 hade,
434 2816 610 2902 Chremes',
632 2820 690 2885 ubi
707 2816 812 2886 ‘sese'
829 2819 947 2902 Bentl,
973 2801 1140 2890 utfaibat'
1180 2818 1357 2903 legeretur3

168 2934 268 2998 Haut.
291 2932 371 2995 924:
401 2930 496 3018 ‘quid
516 2931 662 2997 faciam?
695 2931 735 2997 Id
758 2931 847 3018 quod
868 2954 920 2996 me
942 2931 1061 2997 fecisse
1085 2930 1198 2996 aiebas
1220 2928 1357 3014 parum',

168 3045 224 3110 ubi
258 3047 285 3110 si
321 3067 395 3109 cum
417 3044 566 3110 Usenero
590 3044 716 3110 hiatum
741 3041 890 3124 (faciam
912 3039 968 3120 id')
992 3041 1081 3128 quod
1107 3061 1194 3106 nova
1216 3062 1358 3126 persona

164 3157 257 3242 'loqui
279 3157 425 3240 incipiat,
449 3154 631 3238 legitimum
653 3156 835 3237 statuimus,
859 3154 943 3219 bene
967 3151 1109 3238 quadrat
1128 3150 1236 3218 forma
1257 3152 1358 3239 bisyl-

167 3267 262 3351 laba3
285 3268 318 3334 ib
343 3264 510 3335 9602‘1110
533 3277 662 3353 patrem
684 3289 755 3332 essa
778 3267 902 3332 aiebas.
925 3266 1060 3330 Eccum.
1085 3265 1173 3344 Quid
1194 3287 1246 3329 me
1269 3268 1358 3330 incu-

165 3412 232 3473 sas,
257 3386 421 3474 Olitipho',
457 3390 509 3453 cui
537 3390 647 3453 versui
680 3387 780 3452 facile
806 3387 929 3452 inferas
951 3369 1078 3469 ‘aibass
1119 3387 1147 3450 si
1169 3408 1245 3450 cum
1266 3386 1357 3452 libris
1462 3429 1471 3442 .

168 3504 368 3568 recensionis
384 3500 524 3586 Calliop.
543 3496 676 3565 ‘astare'
693 3521 753 3584 pro
773 3494 866 3563 ‘esse'
886 3496 1023 3562 scribas.
1048 3498 1144 3577 Quae
1157 3499 1357 3566 mutationes

167 3635 248 3679 sane
268 3613 359 3679 haud
391 3635 510 3697 graves
540 3613 567 3677 si
595 3614 647 3677 cui
670 3614 777 3675 iustae
798 3610 982 3693 videantur,
1016 3613 1045 3674 is
1067 3601 1217 3674 Bentleio
1242 3607 1357 3673 adsen-

170 3727 269 3790 tiatur
297 3748 356 3811 per
384 3747 436 3789 me
458 3724 544 3807 licet,
575 3744 773 3809 quamquam
794 3721 943 3786 mutandi
964 3722 1195 3788 necessitaoem
1216 3743 1268 3784 me
1290 3742 1358 3785 non

167 3837 280 3902 videre
313 3839 454 3920 ingenue
483 3835 590 3901 fateor
616 3836 670 3916 (cf.
693 3835 854 3900 Meissner
876 3833 920 3900 ad
943 3832 1046 3898 Andr.
1069 3831 1159 3912 930).
1204 3829 1358 3896 Ceterum

170 3948 329 4015 hocloco
352 3957 501 4034 repetere
523 3947 601 4012 mihi
623 3945 722 4013 liceat
739 3947 878 4013 Useneri
902 3945 1176 4022 observationem,
1211 3945 1266 4030 qui
1295 3941 1357 4008 Oa-

168 4061 283 4127 tullum
306 4061 430 4126 formas
452 4059 605 4142 volgares
628 4081 800 4145 nusquam,
834 4068 885 4123 ter
906 4058 1031 4123 formas
1053 4064 1243 4120 contractas
1266 4055 1357 4121 adhi-

169 4173 281 4240 buisse
307 4173 428 4239 docuit.

273 4285 302 4348 6.
326 4283 487 4365 Quartam
510 4284 776 4368 coniugationem
798 4290 974 4367 cognatam
996 4302 1070 4344 esse
1094 4279 1219 4364 primae
1242 4286 1274 4341 et
1290 4299 1354 4342 sec.

172 4397 337 4480 coniugat.
355 4417 467 4460 omnes
485 4397 600 4459 sciunt.
625 4393 714 4474 Quid
729 4379 827 4479 igitur
842 4393 959 4458 mirum
974 4392 1063 4477 quod
1077 4390 1178 4455 futur.
1201 4389 1251 4454 IV
1268 4391 1353 4454 coni.

169 4508 215 4576 ad
231 4506 419 4592 analogiam
434 4505 611 4572 verborum
632 4507 649 4571 I
664 4515 697 4570 et
711 4506 745 4570 II
761 4506 845 4571 coni.
860 4502 1088 4569 formabatur?
1112 4503 1206 4582 Quae
1228 4502 1356 4567 formae
