3360 5188
792 451 1003 515 ...18-

310 642 450 725 vestigia
466 663 602 725 prorsus
620 640 727 706 deleta
752 663 823 705 esse
846 642 916 704 veri
941 640 1054 723 simile,
1079 663 1152 706 oum
1168 640 1307 706 eundem
1322 638 1502 705 identidem

311 763 401 818 recte
425 755 628 818 servaverint
656 755 691 817 in
712 752 871 818 Plautinis
901 751 1003 834 libris,
1033 761 1205 839 utrumque
1229 753 1369 838 denique
1390 752 1502 819 locum

313 862 355 928 ab
378 865 517 928 Erasmo
541 873 736 948 temptatum
758 865 805 928 ita
828 886 901 929 esse
923 874 1160 950 comparatum,
1184 874 1219 929 ut
1243 864 1325 929 alter
1347 866 1497 947 graviore

312 976 498 1062 corruptela
514 986 627 1062 aperte
652 981 695 1042 sit
710 978 856 1060 affectus,
881 976 946 1042 leni
963 986 1071 1043 autem
1093 980 1351 1063 transpositione
1367 987 1500 1042 sanetur

311 1088 404 1173 alter,
431 1089 581 1174 equidem
605 1089 793 1154 Terentium
824 1088 944 1175 ubique
966 1092 1153 1154 vocativum
1178 1085 1278 1175 ‘puer'
1310 1088 1499 1154 adhibuisse

308 1223 502 1286 persuasum
526 1200 644 1266 habeo.

411 1330 441 1393 2.
466 1329 610 1396 Genitivi
633 1330 715 1416 plur.
738 1331 773 1393 in
795 1353 862 1394 -um
901 1338 1034 1394 exstant
1064 1329 1153 1415 apud
1174 1330 1363 1395 Terentium
1395 1329 1497 1394 Haut.

311 1442 394 1524 prol.
411 1441 470 1507 24:
482 1440 638 1509 ‘amicum
653 1439 805 1527 ingenio’,
830 1441 872 1507 ib.
890 1441 972 1527 prol.
994 1441 1052 1506 27:
1071 1439 1126 1506 ‘ne
1142 1442 1216 1526 plus
1231 1444 1378 1528 iniquom
1393 1445 1500 1528 possit

311 1576 408 1638 quam
441 1575 581 1639 aequom
617 1551 743 1637 oratio',
781 1553 862 1618 Hec.
895 1552 977 1639 prol.
1001 1552 1059 1616 22:
1088 1549 1221 1617 ‘iniuria
1255 1551 1498 1638 adversarium',

312 1665 442 1732 Phorm.
472 1664 553 1730 393:
587 1648 629 1729 ‘si
658 1665 818 1730 talentum
846 1687 916 1729 rem
943 1665 1128 1752 reliquisset
1158 1662 1292 1748 decem',
1329 1663 1393 1730 Ad.
1417 1663 1497 1730 411:

309 1773 484 1842 ‘maiorum
509 1773 620 1858 suom',
644 1777 688 1842 ib.
714 1774 791 1841 793:
811 1773 1012 1862 ‘corruptela
1035 1785 1182 1842 nostrum
1205 1774 1362 1860 liberum',
1395 1776 1498 1843 Andr.

311 1887 385 1972 237,
408 1889 493 1955 Eun.
518 1887 596 1952 943:
622 1884 695 1974 ‘pro
720 1889 817 1954 deum
838 1883 956 1971 fidcm',
980 1887 1083 1953 Andr.
1107 1886 1179 1970 246,
1205 1887 1306 1952 Haut.
1340 1887 1391 1971 61,
1415 1889 1498 1953 Hec.

310 1998 387 2066 198:
408 1997 481 2087 ‘pro
507 2000 604 2065 deum
620 2005 718 2086 atque
733 2000 904 2064 hominum
918 1997 1036 2082 fidcm',
1060 1999 1192 2064 Phorm.
1209 1997 1288 2062 351:
1308 1997 1381 2084 ‘pro
1399 2001 1497 2066 deum

308 2109 558 2197 immortalium,
581 2113 646 2178 Ad.
672 2111 749 2176 746:
769 2109 842 2196 ‘pro
868 2111 979 2176 divom
1001 2107 1123 2176 fidem'.

407 2249 509 2316 Vides
532 2251 625 2315 locos
649 2249 767 2336 quibus
786 2245 905 2314 ‘deum'
930 2248 1057 2332 legitur,
1098 2271 1210 2314 omnes
1239 2249 1286 2314 ita
1312 2273 1385 2315 esse
1408 2273 1496 2316 com-

312 2370 456 2446 paratos,
480 2370 516 2425 ut
533 2361 730 2426 obsecrandi
751 2361 912 2426 formulae
932 2361 978 2424 eis
995 2362 1240 2444 contineantur3
1265 2362 1370 2426 forma
1386 2371 1494 2426 autem

306 2469 462 2537 ‘deorum'
487 2473 607 2557 legitur
629 2474 731 2537 Haut.
749 2471 830 2536 693:
849 2469 1000 2536 ‘dedrum
1014 2475 1203 2557 vitam-apti
1226 2496 1347 2538 sumus.
1359 2473 1493 2537 Frustra

308 2585 442 2670 operam
466 2585 581 2669 opinor
612 2579 711 2648 sirmo'
742 2605 849 2669 neque
882 2582 1025 2647 dubitari
1059 2591 1177 2668 potest,
1203 2585 1282 2669 quin
1305 2583 1408 2650 Andr.
1431 2580 1494 2645 959

306 2695 422 2760 eodem
445 2693 542 2758 modo
567 2701 665 2777 poeta
688 2694 823 2759 dixerit:
853 2691 928 2778 ‘ego
965 2679 1130 2759 de'orum
1163 2695 1292 2759 vitam
1323 2704 1497 2780 eapropter

307 2809 538 2892 sempiternam
562 2828 634 2870 esse
666 2800 825 2869 Arbitror'.
871 2805 987 2891 ltaque
1018 2828 1190 2890 perperam
1219 2815 1333 2871 contra
1362 2808 1497 2873 codices

308 2920 441 3004 scripsit
463 2916 747 3002 Umpfenbachius
773 2912 904 2999 ‘deum',
933 2925 968 2981 ut
1004 2927 1149 2983 servaret
1167 2913 1373 3004 ‘propterea'‚
1408 2919 1498 3005 quod

307 3032 455 3116 quamvis
489 3029 563 3095 libri
598 3029 788 3114 praebeant,
821 3019 941 3094 falsum
975 3053 1048 3095 esse
1075 3054 1093 3095 e
1117 3030 1211 3096 Servi
1234 3030 1278 3096 ad
1299 3031 1399 3116 Verg.
1423 3032 1495 3096 Ecl.

306 3141 434 3206 V1131
459 3141 648 3205 testimonio
672 3140 788 3206 elucet.

411 3253 563 3337 Denique
579 3252 681 3316 Haut.
699 3251 762 3315 606
777 3252 912 3338 legitur:
931 3249 1032 3319 ‘mille
1048 3277 1216 3319 nummum
1227 3251 1354 3339 poscit’,
1378 3263 1495 3320 contra

307 3387 366 3450 pro
384 3364 556 3428 usitatiore
574 3359 762 3428 ‘nummum'
792 3365 846 3444 (cf.
864 3364 932 3430 Cic.
951 3375 1032 3430 orat.
1048 3365 1100 3450 46,
1126 3364 1203 3431 156:
1221 3363 1412 3451 ‘nummum
1429 3392 1496 3436 non

305 3496 512 3540 nummorum
528 3471 586 3554 14);
611 3475 700 3559 quod
730 3477 764 3540 in
785 3475 836 3540 his
860 3476 1061 3542 consuetudo
1084 3481 1177 3543 varia
1199 3501 1267 3544 non
1290 3475 1361 3561 est')
1386 3490 1496 3545 exstat

305 3588 435 3652 Phorm.
460 3585 517 3650 38:

454 3693 464 3720 ⁹
471 3744 708 3762 ........
729 3699 823 3781 (erat)
849 3700 1005 3767 relicuom
1028 3703 1247 3788 pauxillulum

459 3809 689 3873 Nummdrum:
712 3809 747 3873 id
762 3819 798 3873 ut
813 3811 1031 3879 conficerem.
1045 3815 1187 3879 confeci:
1204 3813 1338 3882 adfero'.

306 3919 414 4000 Quam
430 3919 471 3984 ob
482 3943 552 3986 rem
568 3922 728 3986 immerito
744 3921 951 4009 Ritsohelius,
969 3948 1064 4012 quem
1078 3927 1213 3992 Brixius
1230 3936 1361 3994 secutus
1377 3938 1436 4013 est,
1460 3933 1495 3996 in

304 4031 394 4096 Trin.
419 4029 481 4094 152
504 4032 678 4098 lectionem
713 4034 862 4100 omnibus
892 4036 1060 4102 codicibus
1084 4040 1240 4106 traditam
1275 4049 1307 4106 et
1341 4042 1493 4128 exemplo

304 4144 501 4209 Terentiano
526 4144 767 4210 confirmatam:
794 4142 901 4212 ‘nemo
925 4151 985 4214 est.
1001 4173 1206 4217 nummorum
1221 4151 1427 4240 Philippeum
1449 4154 1494 4220 ad

409 4383 439 4450 ¹⁴)
457 4385 627 4450 Quamquam
644 4387 720 4438 Neue
738 4386 770 4436 1²
790 4389 840 4440 106
858 4389 1004 4440 nonnullos
1024 4407 1038 4442 e
1056 4390 1178 4444 Verrinis
1196 4392 1271 4444 looos
1290 4393 1388 4458 quibus
1406 4387 1493 4444 ‘num-

303 4461 412 4521 morum’
436 4471 536 4537 legitur
554 4472 639 4524 affert.
