3360 5188
796 488 1005 551 ..74-

308 678 408 743 ceteri
430 675 504 742 libri
519 676 660 742 formam
681 673 1021 763 volgarem‘interdiu'
1040 675 1210 763 praebent.
1233 676 1370 742 Plautus
1387 677 1495 740 sexies

307 787 448 852 formam
471 789 614 873 priscam
636 787 736 854 habet
757 789 801 854 cf.
822 790 906 856 Brix
929 787 1026 876 (lapt.
1049 787 1121 873 727,
1145 789 1275 854 Lorenz
1298 787 1397 854 Most.
1420 786 1493 871 429,

307 899 367 964 sed
381 900 489 964 minus
505 900 646 985 placent,
671 923 755 987 quae
769 901 803 966 hi
823 900 1034 967 Corssenium
1050 900 1154 966 secuti
1170 900 1211 966 de
1225 899 1352 966 formae
1369 901 1493 984 origine

309 1011 493 1096 disputant:
521 1035 627 1099 neque
657 1013 744 1081 enim
764 1014 885 1079 veteris
909 1013 1092 1084 accusativi
1119 1011 1204 1098 plur.
1226 1011 1368 1096 vestigia
1397 1013 1432 1080 in
1454 1034 1494 1077 ea

309 1124 418 1188 inesse
445 1123 607 1209 videntur,
643 1125 700 1190 sed
723 1125 876 1210 genetivi,
909 1125 950 1191 de
984 1146 1049 1212 quo
1084 1124 1186 1191 adeas
1208 1123 1401 1190 Buecheler.
1435 1123 1493 1189 lat.

311 1234 395 1301 decl.
418 1258 450 1320 p.
475 1234 526 1300 63.

414 1346 463 1410 12.
486 1347 623 1414 Plenum
646 1349 838 1415 adverbium
860 1351 894 1414 in
909 1370 991 1426 voce
1005 1348 1158 1414 tradendi
1181 1345 1385 1434 Donatus42)
1415 1348 1495 1432 legit

310 1459 354 1526 ad
375 1459 507 1526 Phorm.
532 1460 614 1547 prol.
638 1460 674 1524 2:
702 1458 881 1529 ‘retrahere
904 1485 924 1527 a
948 1462 1057 1527 studio
1083 1469 1116 1527 et
1138 1462 1308 1526 trdnsdere
1330 1459 1495 1526 hominem

307 1573 341 1638 in
364 1570 472 1638 otium'
498 1572 678 1639 adnotans:
697 1570 923 1647 ⁹„transderc“
946 1582 1074 1640 veteres
1098 1575 1281 1655 sonantius,
1312 1573 1402 1657 quod
1429 1595 1491 1637 nos

307 1683 412 1749 lenius
436 1682 574 1750 dicimus
600 1681 792 1765 „tradere“'.
815 1685 917 1750 Porro
930 1681 1084 1750 ‘mavolo'
1101 1685 1136 1749 in
1158 1685 1223 1750 fine
1237 1707 1353 1750 versus
1376 1684 1495 1768 legitur

307 1795 390 1861 Hec.
414 1793 493 1860 540:
513 1793 675 1882 ‘quamvis
700 1819 834 1863 oausam
854 1796 943 1861 huno
968 1798 1127 1883 sirspicari
1144 1818 1242 1882 quam
1257 1798 1365 1881 ipsam
1381 1817 1493 1860 veram

308 1904 459 1991 mavolo’,
498 1930 596 1992 quam
633 1909 775 1974 formam
812 1908 992 1995 pleniorem
1024 1909 1121 1975 valde
1151 1909 1319 1974 adamavit
1356 1907 1492 1974 Plautus

312 2021 366 2100 (cf.
389 2020 481 2085 Neue
504 2021 558 2085 11²
581 2017 644 2084 606
668 2019 743 2107 sq.).

412 2131 462 2196 13.
479 2129 728 2199 Formam‘hau'
743 2133 899 2200 exhibent
910 2133 1089 2200 Bembinus
1103 2135 1185 2198 Heo.
1199 2131 1261 2196 591
1275 2127 1491 2214 (HAUTUA)

307 2254 340 2310 et
361 2245 387 2309 P
410 2243 513 2310 Andr.
536 2243 601 2308 460
624 2242 705 2310 ‘hau
734 2242 854 2330 ferme',
890 2268 955 2330 qua
984 2267 1058 2310 oum
1087 2245 1229 2311 lectione
1259 2243 1493 2310 conferendum

305 2367 357 2422 'est
380 2357 468 2443 quod
491 2358 598 2424 codex
629 2355 788 2434 O‘auier
809 2355 867 2423 me'
899 2356 1010 2438 habet.
1045 2357 1142 2424 Unde
1172 2378 1251 2422 sane
1279 2354 1493 2443 probabiliter

308 2469 454 2534 conicias
475 2469 510 2535 in
533 2470 647 2535 codice
677 2492 720 2534 ex
742 2492 806 2557 quo
829 2469 863 2535 hi
885 2471 1060 2555 fluxerunt,
1085 2466 1172 2535 ‘hau'
1197 2467 1300 2543 fuisse
1324 2469 1491 2554 scriptum.

309 2578 361 2646 Of.
378 2580 419 2645 de
433 2580 542 2647 forma
556 2581 712 2648 Ritschel.
726 2582 820 2668 proll.
834 2604 866 2669 p.
884 2580 911 2647 0
928 2605 1009 2669 sqq,
1036 2605 1111 2669 opp.
1127 2578 1237 2646 11591
1255 2579 1342 2664 adn,
1362 2581 1491 2645 Lorenz

306 2690 405 2764 Most.
431 2689 503 2764 770.
555 2755 561 2767 ,

409 3207 503 3282 Haec
523 3214 627 3298 ⁴habui
649 3217 789 3284 dicenda
818 3217 859 3283 de
886 3217 998 3284 formis
1022 3211 1111 3305 apid
1133 3217 1321 3284 Terentium
1343 3218 1492 3282 vetustis.

307 3325 403 3391 Nunc
427 3336 536 3392 autem
558 3328 701 3395 breviter
715 3329 892 3415 complecti
907 3329 1014 3413 liceat,
1038 3330 1155 3416 quibus
1173 3330 1379 3415 potissimum
1393 3326 1493 3394 rebus

310 3459 415 3504 sermo
429 3437 560 3504 Terenti
584 3462 604 3505 a
626 3439 734 3507 Plauti
758 3463 917 3524 sermone,
941 3442 968 3505 si
982 3440 1107 3506 formas
1123 3450 1271 3507 vetustas
1294 3440 1336 3508 ab
1353 3448 1492 3526 utroque

308 3559 408 3636 poeta
430 3549 596 3618 adhibitas
620 3554 825 3638 respicimus,
848 3553 987 3619 differat.

411 3740 443 3800 ⁴²)
461 3740 620 3804 Exquisitae
644 3741 814 3807 antiquitatis
834 3742 971 3808 specimen
988 3741 1061 3792 idem
1078 3742 1202 3792 Donatus
1221 3747 1328 3792 nostrae
1346 3741 1493 3792 memoriae

306 3826 418 3877 tradidit
436 3825 471 3877 ad
488 3826 596 3878 Phorm.
614 3827 665 3876 ³³0
683 3841 737 3893 sq.:

441 3907 498 3978 ‘qui
514 3912 604 3963 istuc?
623 3911 695 3973 Quia
712 3928 766 3963 non
784 3909 840 3964 rdte
859 3914 983 3980 accipitri
1001 3911 1121 3965 ttnffitur
1139 3930 1228 3979 neque
1247 3911 1340 3978 miluo,

446 3995 493 4064 qui
511 3997 582 4048 male
600 3998 705 4049 faciunt
723 3997 815 4049 ndbis:
834 3998 890 4050 illis
909 3996 957 4065 qui
974 3999 1013 4050 nil
1030 3999 1134 4051 faciunt
1150 3997 1280 4050 tenditur’

305 4083 450 4134 adnotans:
468 4077 577 4150 ‘legitur
595 4089 622 4134 et
641 4085 800 4146 „tenuitur.“
820 4085 985 4137 habetenim
997 4087 1022 4136 N
1034 4086 1125 4136 littera
1143 4103 1204 4137 cum
1220 4087 1245 4136 D
1259 4077 1491 4136 communionem’.

306 4170 394 4232 Quam
410 4170 526 4220 formam
542 4169 616 4222 haud
632 4175 734 4222 temere
752 4171 923 4222 abiciendam
941 4177 1007 4238 puto
1025 4177 1055 4222 ut
1066 4187 1151 4238 prava
1167 4172 1262 4239 populi
1273 4173 1491 4239 pronuntiatione

305 4254 491 4320 (Schuchardt,
508 4255 655 4308 Vocalism.
673 4257 720 4308 des
738 4257 888 4324 Vulglirlat.
906 4258 920 4307 I
939 4258 998 4324 146)
1016 4263 1115 4310 natam.
1133 4259 1219 4310 Immo
1237 4265 1343 4312 veteres
1362 4261 1401 4310 sio
1420 4259 1492 4309 dice-

305 4341 379 4405 bant,
398 4341 427 4392 id
444 4341 515 4407 quod
544 4343 626 4394 etiam
651 4343 772 4394 aNonio
801 4341 837 4410 (p.
856 4345 872 4394 6
890 4359 907 4394 a
925 4342 967 4394 ed.
985 4345 1058 4409 Bas.)
1087 4343 1268 4410 confirmatur,
1299 4345 1371 4396 unde
1401 4344 1491 4398 Plaut.

305 4426 364 4477 Mil.
400 4427 467 4477 1407
494 4443 566 4478 nuno
594 4427 708 4494 legitur:
743 4421 800 4478 ‘ribi
823 4428 907 4480 lubet.
937 4427 1089 4495 dispennite
1124 4430 1262 4481 hominem
1292 4429 1429 4482 divorsum
1465 4435 1493 4481 et

305 4505 466 4566 disternite’.
