3360 5188
745 494 927 559 ,5-

243 685 358 752 adhuc
381 707 399 749 c
421 683 560 750 materia
584 705 667 768 quae
691 683 795 748 fusius
819 691 976 748 tractetur
999 683 1099 768 digna
1122 683 1349 750 delibaverunt
1370 685 1437 748 viri

247 798 347 864 docti.
371 796 465 878 Quae
488 817 563 859 cum
592 796 639 858 ita
663 797 738 877 sint,
766 793 856 860 haud
890 793 1005 861 inutile
1028 803 1106 880 puto
1139 817 1192 860 me
1215 803 1376 879 acturum,
1411 797 1437 860 si

248 931 317 975 rem
341 907 488 976 nondum
512 907 592 972 satis
616 905 823 992 exploratam
833 902 863 990 ⁹)
880 906 1102 990 tractaverim,
1125 915 1161 970 ut
1176 906 1310 972 tandem
1326 929 1438 973 omnes

245 1023 320 1089 cius
343 1021 433 1086 modi
454 1020 579 1086 formas
603 1017 663 1084 sub
687 1040 752 1084 uno
775 1026 958 1102 conspectu
980 1016 1178 1103 perlustrare
1201 1017 1310 1084 liceat.

353 1156 420 1223 Sed
455 1156 647 1242 priusquam
681 1153 722 1220 de
755 1156 894 1221 vetustis
930 1153 1168 1221 vocabulorum
1205 1156 1319 1222 formis
1357 1158 1438 1243 ipsis

250 1291 404 1358 agamus,
435 1288 545 1354 pauca
569 1289 653 1354 quae
676 1267 720 1332 ad
746 1288 816 1332 rem
838 1266 964 1334 faciunt
993 1265 1033 1335 de
1062 1275 1181 1352 poetae
1204 1276 1324 1350 aetate,
1353 1271 1441 1335 vitae

243 1381 453 1466 condicione,
478 1378 609 1445 dicendi
631 1401 750 1466 genere
771 1378 915 1444 breviter
937 1401 1154 1465 exponamus,

351 1515 525 1585 salvatore
538 1517 622 1584 Belli
638 1519 672 1582 in
687 1519 962 1584 commentatione
974 1513 1081 1583 ‘Sulla
1092 1521 1200 1604 patria
1212 1519 1266 1584 dal
1277 1521 1437 1588 Terenaic

243 1639 349 1715 poeta
376 1626 511 1698 comicc'
541 1627 625 1714 (Atti
650 1626 724 1693 dell’
742 1627 900 1696 Acadcm.
924 1627 1063 1696 Roman.
1080 1630 1113 1694 di
1128 1630 1326 1718 Archeolog.
1341 1632 1438 1720 XIV)

243 1743 439 1810 Terentium
454 1749 589 1826 propter
605 1740 763 1806 sermonis
788 1739 984 1825 elegantiam
998 1741 1124 1807 Romae
1138 1751 1253 1808 natum
1269 1745 1439 1832 civemque

242 1857 427 1940 'ingenuum
448 1854 551 1918 fuisse
574 1851 800 1918 demonstrare
823 1851 978 1919 studebat
1008 1851 1043 1938 (l.
1067 1876 1096 1919 c.
1121 1877 1177 1940 pp.
1204 1854 1264 1919 139
1286 1867 1320 1922 et
1344 1855 1438 1942 154):

246 1987 356 2050 neque
379 1968 466 2029 enim
488 1965 595 2048 potuit
619 1962 681 2028 sibi
704 1962 903 2049 persuadere
932 1972 1059 2030 tautam
1082 1966 1240 2032 sermonis
1264 1970 1440 2053 puritatem

248 2098 323 2140 esse
353 2076 546 2162 cuiusquam
567 2075 694 2144 Romae
723 2098 790 2142 non
819 2077 899 2141 nati.
925 2073 987 2142 Oui
1015 2077 1259 2149 ratiocinationi
1288 2081 1439 2165 quamvis

249 2208 317 2256 non
357 2185 605 2274 adstipulamur,
641 2195 754 2254 tamen
791 2188 963 2274 pucrulum
998 2211 1240 2274 perpaucorum
1277 2213 1437 2258 annorum

243 2297 439 2366 Terentium
462 2299 602 2366 Romam
622 2301 754 2366 vennae
776 2299 897 2384 verbis,
929 2323 1014 2387 quae
1035 2300 1127 2366 initio
1150 2302 1239 2366 vitae
1262 2325 1281 2367 e
1304 2301 1440 2368 Suetord

244 2409 290 2476 dc
306 2413 413 2496 poetis
429 2410 513 2476 libro
528 2410 916 2497 depromptaeleguntur‚
934 2421 1091 2497 apparet:
1103 2409 1253 2478 ‘Publius
1266 2414 1439 2480 Terentius

250 2523 332 2590 Afer
353 2521 557 2608 Carthagine
579 2531 677 2590 natus
694 2525 806 2589 serviit
820 2523 945 2589 Romae
961 2524 1115 2592 Terentio
1132 2525 1270 2592 Lucano
1288 2528 1442 2606 senatori,

244 2657 270 2699 a
287 2656 351 2719 quo
368 2633 410 2699 ob
427 2635 593 2719 ingenium
610 2643 643 2700 et
657 2635 797 2700 formam
812 2657 879 2702 non
895 2636 934 2700 in
944 2637 1122 2704 stitutus
1138 2637 1236 2703 mcdc
1249 2635 1439 2722 liberaliter,

248 2744 310 2811 sed
333 2756 365 2812 et
380 2755 507 2812 mature
521 2768 621 2812 mauu
637 2748 756 2812 missus
772 2744 840 2813 cst?
865 2747 1016 2834 Iamque
1033 2757 1131 2834 pacto
1147 2749 1287 2818 Romam
1301 2751 1442 2832 venerit,

249 2857 330 2923 nihil
353 2857 398 2922 ad
418 2880 480 2924 nos
502 2859 631 2944 attinet,
655 2857 716 2926 sed
737 2859 766 2922 si
789 2859 895 2944 prima
916 2859 1059 2930 infantia
1088 2868 1122 2925 et
1151 2861 1312 2930 sermonis
1341 2861 1439 2946 patrii

242 2969 397 3035 nondum
411 2971 552 3054 peritum
566 2992 640 3036 eum
651 2971 689 3036 'in
706 2972 868 3038 senatoris
879 2970 1020 3042 Romani
1037 2970 1134 3042 domo
1157 2971 1337 3040 liberaliter
1351 2973 1442 3038 insti-

243 3089 357 3146 tutum
391 3103 463 3150 esse
486 3090 687 3167 reputamus,
715 3091 848 3170 poetam
869 3081 988 3152 Afrum
1017 3106 1201 3152 sermonem
1232 3084 1370 3152 latinum
1398 3084 1441 3152 ab

245 3193 338 3256 omni
354 3195 586 3280 peregrinitate
599 3193 740 3262 alienum
751 3193 924 3262 addiscere
936 3195 1085 3281 potuisse
1098 3193 1196 3264 facile
1212 3195 1441 3284 intellegimus.

356 3303 423 3370 Sed
444 3306 510 3371 iam
533 3305 699 3371 veteribus
723 3307 805 3392 ipsis
828 3305 882 3370 vel
909 3315 946 3372 ut
968 3307 1155 3375 accuratius
1186 3306 1294 3374 dicam
1323 3317 1441 3395 poetae

245 3415 445 3504 aequalibus
465 3416 519 3481 ille
535 3419 665 3484 nativus
681 3418 758 3502 fere,
776 3440 842 3484 non
857 3419 980 3485 ascitus
998 3419 1156 3487 sermonis
1172 3418 1264 3506 lepos
1280 3417 1441 3488 mirabilis

356 3636 377 3708 ²)
398 3638 438 3691 Of.
460 3639 492 3692 P.
514 3639 636 3706 Langen,
659 3641 787 3708 Beitrttge
814 3657 863 3692 aur
880 3641 973 3691 Kritik
1000 3642 1055 3694 und
1073 3640 1231 3710 Erklitruug
1257 3641 1305 3692 des
1322 3641 1437 3692 Plautus

246 3725 343 3790 (Lips.
363 3724 441 3790 1880)
459 3726 489 3776 iu
506 3725 604 3791 praet:
622 3719 772 3778 ‘Zwischen
790 3727 903 3778 Plautus
921 3727 978 3777 und
996 3727 1100 3778 'serena
1118 3727 1186 3794 liegt
1204 3727 1264 3777 eine
1282 3725 1368 3776 Bethe
1387 3743 1441 3777 von

251 3811 357 3864 Jahrsn
376 3811 425 3864 der
442 3811 578 3864 reichsten
597 3813 897 3882 Sprachentwicklung,
914 3813 1018 3868 welche
1037 3813 1097 3868 sich
1114 3813 1164 3866 aut
1180 3813 1224 3864 die
1241 3813 1369 3876 Formen,
1388 3812 1441 3863 den

254 3897 434 3962 Wcrtschatz,
454 3898 498 3950 die
516 3899 752 3966 Wortbedeutung
769 3899 826 3953 und
844 3899 947 3965 syntax
965 3898 1159 3970 gleicbmtissig
1177 3898 1319 3952 erstreckt.
1337 3899 1441 3950 Zudem

249 3982 360 4049 bewegt
379 3984 438 4034 sich
455 3984 570 4036 Plautus
588 3987 617 4035 in
636 3986 684 4037 der
702 3983 805 4052 Sphtre
824 3981 873 4037 des'
890 3986 1096 4053 gewbhnlichen
1113 3985 1217 4036 Volkes
1236 4022 1318 4050 ....,
1337 3985 1442 4036 Terens

250 4067 377 4134 dagegen
394 4069 539 4124 verkshrte
557 4071 587 4122 iu
606 4076 667 4126 dom
677 4069 774 4126 Krsise
787 4071 1000 4139 islagabildctar
1011 4071 1126 4124 Mtnner
1144 4109 1192 4126 ...
1209 4071 1442 4138 Dic'Sprache

247 4153 310 4204 des
329 4154 456 4206 Terens
475 4159 522 4208 ist
539 4159 577 4207 in,
592 4157 696 4226 Fulge
716 4157 838 4212 dassen
855 4159 934 4212 weit
951 4157 1044 4212 mehr
1062 4173 1126 4210 von
1145 4157 1203 4210 der
1221 4157 1279 4210 des
1298 4158 1441 4208 Plautus

248 4239 485 4306 verschieden,
506 4243 557 4294 als
576 4259 648 4294 man
661 4243 877 4310 gewohnlich
890 4243 1120 4294 anaunehmcn
1133 4244 1273 4312 geneigt
1291 4234 1443 4297 scheint'.

252 4325 304 4390 (cf.
323 4327 405 4376 etiam
424 4343 493 4392 quae
511 4328 584 4378 idem
600 4330 642 4379 vir
660 4329 755 4380 doctus
782 4345 868 4396 nuper
891 4329 998 4394 scripsit
1020 4329 1049 4378 tn
1066 4327 1240 4380 Fleckeisenl
1258 4327 1356 4382 annal
1376 4329 1442 4379 1882
1531 4323 1535 4330 ’

249 4427 277 4476 p.
297 4411 365 4478 673).
382 4412 487 4463 Eodem
510 4414 590 4464 modo
608 4415 710 4466 iudicat
728 4415 762 4469 Η,
781 4415 888 4477 Iordan,
913 4414 1043 4466 kritische
1061 4416 1188 4482 Beitrttge
1213 4431 1260 4465 aur
1279 4413 1441 4466 Geschichte

249 4497 306 4547 der
324 4497 507 4552 lateinisches
527 4499 645 4566 Spraclse
664 4501 765 4564 (Berol.
785 4503 862 4564 1879)
880 4517 906 4566 p.
925 4501 984 4555 335.
