3360 5188
163 736 285 823 quibus
315 735 451 801 Plautus
481 736 610 822 plebem
644 736 704 801 sibi
741 736 939 818 conciliavit,
974 739 1015 802 in
1038 737 1274 800 universum
1296 760 1353 802 re·

165 850 332 933 spuisse
349 849 497 912 auteis
514 871 721 915 nonusum
739 849 928 912 essenisi
952 849 1237 914 certiscausis
1254 870 1352 913 com-

164 971 314 1025 motum
338 959 535 1024 statuimus?
572 961 654 1025 Inde
678 969 787 1025 autem
823 948 960 1046 apparet
994 960 1257 1044 restringendum
1280 982 1353 1026 esse

165 1070 322 1135 Ritscheli
338 1071 495 1136 iudicium
519 1069 626 1156 (proll.
653 1072 684 1136 in
702 1071 881 1138 Trinumm.
899 1092 930 1154 p.
948 1067 1091 1136 CXLIII
1114 1071 1220 1144 adal:
1239 1067 1352 1156 ‘quam

166 1191 276 1247 autem
298 1182 410 1264 multa,
436 1205 520 1268 quae
536 1184 644 1267 prisca
669 1180 731 1246 sibi
748 1182 913 1246 Latinitas
935 1183 1092 1266 vindicat,
1117 1183 1183 1248 iam
1198 1181 1352 1247 Plautina

166 1301 275 1357 aetate
289 1315 355 1358 non
370 1294 537 1379 potuerint
558 1316 625 1358 non
649 1292 798 1359 obsoleta
823 1315 903 1376 esse,
927 1271 1072 1378 intellegi
1095 1293 1148 1358 vel
1170 1295 1232 1360 hoc
1255 1315 1351 1378 argu-

167 1416 275 1472 mento
299 1414 417 1492 potest,
453 1407 541 1492 quod
563 1406 805 1471 multitudinem
827 1403 1052 1470 Plautinarum
1075 1406 1255 1472 formarum
1278 1407 1352 1491 ipsa

166 1519 364 1584 Terentiana
398 1527 490 1584 aetas
523 1519 711 1604 repudiavit
730 1520 789 1581 vix
811 1519 928 1604 viginti
950 1540 1112 1584 annorum
1134 1517 1306 1583 intervallo
1331 1540 1351 1581 a

163 1639 269 1696 morte
291 1631 400 1695 Plauti
424 1626 572 1696 distans'.
597 1630 691 1711 Quae
715 1631 784 1695 sine
800 1630 899 1695 dubio
924 1655 967 1696 ex
989 1640 1084 1717 parte
1108 1632 1240 1717 quidem
1262 1639 1350 1694 recte

165 1766 199 1809 se
221 1743 355 1826 babent,
391 1744 449 1808 sed
472 1743 567 1808 simul
599 1742 819 1829 reputandum
840 1753 891 1808 est
918 1744 1029 1809 multis
1052 1743 1166 1808 formis
1188 1741 1350 1808 Plautinis

163 1877 204 1920 ne
227 1865 296 1920 turn
319 1856 452 1940 quidem
466 1855 655 1922 Terentium
676 1878 811 1922 usurum
833 1857 946 1940 fuisse,
972 1859 998 1921 si
1022 1857 1138 1942 viginti
1161 1857 1258 1920 annis
1274 1863 1350 1919 ante

171 1967 365 2052 scripsisset,
390 1967 464 2031 dico
487 1967 611 2042 formas
635 1967 792 2053 plebeias,
818 1971 939 2054 quippe
963 1991 1047 2054 quae
1071 1969 1222 2052 quamvis
1245 1987 1351 2050 neque

163 2079 297 2144 Terenti
330 2087 439 2144 aetate
464 2077 631 2144 obsoletae
654 2090 774 2163 essent,
797 2089 908 2146 tamen
930 2103 997 2146 non
1021 2081 1253 2146 convenissent
1285 2100 1351 2142 ser-

163 2193 252 2256 moni
268 2192 491 2256 Romanorum
513 2191 730 2257 litteratorum
752 2215 773 2258 a
789 2193 944 2259 Terentio
962 2213 1133 2278 expresso.
1158 2190 1350 2256 Cavendum

165 2305 348 2388 igiturest,
382 2327 424 2369 ne
458 2325 677 2389 praepropere
710 2304 796 2370 bano
829 2304 963 2372 illamve
996 2305 1138 2369 formam
1170 2326 1191 2367 a
1213 2303 1347 2366 Terenti

164 2422 272 2480 aetate
295 2415 437 2482 alienam
461 2437 534 2481 eam
557 2415 599 2480 ob
616 2438 752 2482 causam
775 2426 937 2502 putemus,
962 2416 1051 2501 quod
1073 2423 1172 2501 poeta
1196 2436 1268 2478 eam
1284 2435 1348 2478 non

168 2527 327 2592 adhibuit.
362 2527 513 2612 Namque
536 2527 655 2593 multas
678 2529 801 2592 formas
825 2531 924 2593 etiam
952 2537 1029 2612 post
1052 2535 1193 2592 aetatem
1216 2526 1348 2590 Terenti

165 2639 298 2725 reperiri
321 2677 363 2686 -
386 2641 479 2706 cuius
502 2642 549 2705 rei
573 2641 726 2724 exempla
759 2640 1019 2706 luculentissima
1041 2640 1226 2723 fragmenta
1249 2638 1349 2701 comi·

165 2774 278 2816 corum
299 2752 518 2836 posteriorum
536 2751 750 2835 suppeditant
765 2786 806 2798 -
824 2774 906 2837 quas
922 2755 993 2838 ipse
1008 2765 1171 2837 nusquam
1187 2746 1348 2830 adhibuit,

166 2872 359 2947 argumento
383 2886 456 2929 esse
479 2862 577 2928 debet
599 2872 731 2949 poetam
753 2866 793 2928 in
811 2885 993 2928 sermone
1014 2862 1148 2928 latino
1174 2861 1349 2946 quodam

163 2975 283 3038 modo
307 2996 501 3039 novarum
524 2998 657 3040 rerum
681 2976 915 3045 studiosum
936 2975 1068 3040 fuisse
1102 2983 1224 3058 atque
1248 2972 1287 3036 id
1309 2974 1349 3038 in

162 3087 313 3170 primis
336 3087 487 3169 egisse,
511 3085 747 3158 utubifieri
771 3095 913 3172 posset
936 3087 1136 3152 sermonis
1159 3084 1348 3169 volgaris

156 3199 341 3281 speciem
375 3197 580 3284 effugeret
611 3210 654 3265 et
682 3200 1019 3281 formasnovas,
1055 3219 1168 3282 quae
1204 3207 1294 3262 tum
1328 3221 1350 3262 a

162 3310 378 3376 comoedia
402 3310 565 3376 alienae
588 3321 720 3394 erant,
745 3311 977 3398 antiquatis
1002 3310 1074 3376 sed
1097 3311 1138 3375 in
1164 3330 1348 3374 sermone

162 3424 413 3487 comicorum
450 3422 659 3487 adamatis
697 3422 943 3507 praeferret.
988 3421 1099 3508 Atque
1136 3421 1171 3485 id
1208 3418 1347 3486 consilio

162 3555 234 3598 sese
271 3533 425 3614 fecisse9)
455 3534 627 3600 Terentius
660 3536 732 3619 ipse
765 3543 905 3600 testatur
937 3542 969 3598 et
998 3535 1157 3620 gloriatin
1189 3535 1222 3597 in
1247 3532 1347 3596 Haut.

161 3644 247 3730 prol.
271 3669 303 3709 v.
326 3643 384 3708 46:
1037 3661 1040 3668 ’

474 3752 521 3820 ‘in
543 3755 606 3821 hac
630 3766 679 3821 est
703 3779 807 3842 pura
831 3754 1036 3822 oratio...'

265 3867 331 3934 Sed
353 3875 456 3933 restat
478 3866 655 3932 difficultas
679 3867 851 3954 quaedam,
881 3890 979 3954 quam
1001 3868 1064 3933 hoo
1087 3867 1160 3932 loco
1184 3889 1251 3932 non
1273 3888 1348 3951 pos·

161 4002 273 4046 sumus
308 3977 437 4044 silentio
474 3980 661 4064 praeterire.
697 3980 771 4044 Iure
806 3979 892 4044 enim
928 3978 1046 4065 aliquia
1077 3976 1199 4044 obiciat
1223 3987 1347 4044 certum

266 4220 285 4287 9)
301 4221 335 4270 Id
351 4224 448 4285 poetae
467 4219 589 4286 collegae
613 4223 640 4269 et
657 4219 814 4282 adversarii,
840 4221 886 4285 qui
905 4219 1060 4271 comoediae
1084 4235 1234 4270 sermonem
1259 4221 1349 4270 minus

160 4307 315 4374 elegantem
340 4311 367 4357 et
389 4307 477 4372 magis
502 4322 613 4372 gravem
639 4321 698 4357 esse
722 4306 874 4371 voluerunt,
894 4308 999 4358 crimini
1018 4309 1042 4357 ei
1060 4310 1206 4370 verterunt,
1232 4310 1262 4356 ut
1278 4306 1347 4356 mihi

157 4409 292 4460 apparere
309 4393 417 4444 videtur
435 4408 450 4443 e
468 4391 577 4442 Phorm.
595 4390 663 4457 prol.
681 4409 707 4443 v.
725 4395 742 4442 4
761 4407 815 4458 sq.:

453 4472 470 4527 ‘.
506 4517 513 4532 .
548 4513 557 4532 .
594 4494 690 4544 .quas
710 4479 826 4530 antehac
844 4479 909 4529 fecit
926 4479 1033 4530 fabulas

456 4565 544 4614 Tenui
563 4580 623 4615 esse
642 4566 764 4616 oratione
783 4570 811 4615 et
828 4565 963 4631 scriptura
982 4558 1053 4617 levi’.
