3360 5188
691 459 882 522 ..9-

192 650 297 715 solam
320 650 553 734 proprietatem
578 647 727 713 omnibus
752 650 885 713 comicis
908 671 980 714 esse
1003 653 1236 736 praepositum,
1261 651 1378 736 quibus

194 771 253 844 est,
278 769 435 846 quantum
466 760 510 824 ad
539 767 648 824 cetera
679 768 816 844 spectat,
846 757 1000 826 inferior’.
1045 762 1196 848 Denique
1218 763 1377 828 Varronis

192 873 386 938 sententiam
409 871 535 936 Gellius
560 869 621 955 (V1
646 870 735 955 [Vll]
761 869 810 954 14,
835 869 869 958 6)
894 877 1054 938 servavit:
1085 871 1179 940 ‘vera
1208 884 1316 940 autem
1347 885 1378 940 et

193 984 329 1069 propria
359 984 493 1048 huiusce
521 983 611 1048 modi
648 983 828 1050 formarum
865 986 1020 1071 exempla
1055 987 1089 1051 in
1127 986 1231 1051 latina
1267 987 1378 1072 lingua

190 1095 235 1159 M.
260 1095 366 1159 Varro
390 1118 461 1161 esse
485 1095 565 1160 dicit
586 1093 746 1160 ubertatis
769 1095 964 1180 Pacuvium,
988 1098 1180 1184 gracilitatis
1204 1099 1376 1182 Lucilium,

189 1208 425 1272 mediocritatis
448 1204 655 1290 Terentium',
679 1207 736 1272 ubi
759 1209 995 1274 mediocritatis
1024 1211 1162 1276 verbum
1190 1233 1257 1276 non
1281 1234 1378 1276 sensu

188 1317 452 1403 reprehensionis
475 1318 703 1404 accipiendum
733 1328 792 1401 est,
824 1320 867 1384 cf.
890 1321 1073 1404 Eichstttdt,
1106 1331 1231 1407 quaest.
1263 1322 1376 1408 philol.

190 1449 278 1515 spec.
291 1429 374 1495 VII:
387 1429 440 1494 De
450 1430 615 1496 vocabulo
627 1432 864 1497 mediocritatis
879 1431 991 1515 [lenae
1005 1431 1099 1516 1842]
1113 1455 1144 1518 p.
1158 1433 1176 1495 ‘i
1189 1438 1243 1514 (z
1254 1433 1376 1519 Opusc.

189 1543 294 1610 orat.l
316 1544 382 1609 585
404 1547 502 1632 sqq),
534 1546 589 1630 qui
611 1555 688 1631 apte
711 1549 754 1613 ad
778 1547 882 1612 Cicer.
905 1546 947 1610 de
967 1546 1020 1610 off.
1043 1547 1060 1611 Ι
1083 1547 1134 1630 25,
1159 1545 1218 1610 89:
1238 1543 1376 1611 ‘medio-

188 1658 338 1722 critatem
352 1656 453 1740 illam,
478 1679 562 1743 quae
584 1667 635 1724 est
656 1660 741 1724 inter
762 1660 897 1724 nimium
921 1667 953 1724 et
974 1655 1111 1744 parum',
1131 1657 1175 1723 ib.
1198 1656 1232 1722 Il
1260 1657 1309 1739 17,
1333 1655 1375 1720 59

187 1778 250 1833 cte.
273 1791 334 1834 nos
357 1769 499 1855 delegat.
523 1770 595 1834 Iam
618 1771 645 1833 si
660 1769 767 1835 Varro
791 1769 855 1835 hoc
877 1767 951 1835 loco
968 1771 1150 1856 principem
1172 1769 1375 1852 comoediae,

184 1891 221 1944 ut
236 1881 417 1946 Pacuvium
439 1881 632 1966 tragoediae
647 1881 875 1968 Luciliumque
892 1890 1032 1964 saturae,
1048 1882 1237 1947 Terentium
1251 1879 1375 1964 laudat,

186 1993 286 2058 facile
309 1993 344 2058 id
366 2015 440 2058 cum
463 1993 588 2060 dixisse
607 1995 770 2060 sermonis
798 2004 951 2080 respectu
979 1993 1092 2059 habito
1121 2003 1224 2080 patet.
1267 1993 1376 2058 Debet

186 2105 272 2168 enim
294 2127 368 2170 esse
389 2105 582 2188 tragoediae
606 2107 709 2170 oratio
732 2106 824 2188 uber,
856 2117 987 2171 saturae
1010 2105 1152 2190 gracilis,
1184 2107 1376 2172 comoediae

184 2215 370 2281 mediocris.
410 2215 562 2282 Ceterum
596 2215 722 2282 Gellius
755 2218 826 2302 ipse
859 2216 970 2301 paullo
1003 2225 1080 2301 post
1107 2215 1189 2280 illud
1210 2217 1376 2283 mediocre

185 2329 317 2396 dicendi
340 2349 443 2413 genus
466 2327 612 2414 appellat
629 2325 783 2393 ‘mixtum
805 2324 1096 2414 moderatumque'.

287 2467 359 2533 lam
398 2467 552 2553 quoniam
597 2467 859 2532 enumeravimus
903 2475 1062 2552 quotquot
1106 2467 1147 2532 dc
1191 2466 1376 2532 elocutione

185 2580 318 2645 Terenti
340 2579 529 2644 testimonia
559 2579 648 2663 apud
680 2586 810 2642 veteres
845 2579 1022 2664 scriptores
1056 2587 1200 2661 exstant,
1232 2579 1377 2645 breviter

186 2693 264 2778 quid
293 2691 370 2757 inde
399 2691 443 2757 ad
473 2691 698 2777 quaestionem
730 2699 880 2756 nostram
907 2689 1068 2756 redundet
1096 2689 1375 2776 comprehendere

183 2802 291 2869 liceat.
325 2801 376 2868 Ac
409 2801 514 2868 tribus
547 2804 754 2888 potissimum
787 2803 895 2869 causis
929 2812 1048 2888 poetae
1082 2804 1186 2868 oratio
1220 2799 1374 2868 laudibus

184 2915 368 2982 extollitur:
392 2917 533 3001 primum
556 2916 645 3002 quod
666 2916 778 2981 lecta
800 2923 924 3001 atque
947 2914 1126 3001 elegans,
1151 2915 1270 2981 deinde
1286 2915 1375 3000 quod

185 3053 296 3116 pura,
321 3030 461 3115 denique
484 3029 573 3115 quod
593 3028 819 3094 mediocris
842 3037 902 3111 est,
932 3051 1014 3114 quas
1043 3026 1160 3093 laudes
1181 3050 1247 3093 uno
1271 3027 1372 3093 verbo

184 3141 460 3228 comprehendere
493 3139 585 3224 licet,
620 3141 653 3206 si
685 3161 910 3205 sermonem
937 3137 1137 3204 urbanum
1171 3138 1374 3224 simulque

183 3252 445 3336 familiarem,
468 3261 510 3317 ut
533 3252 654 3318 decet
676 3261 841 3338 poetam
857 3255 1066 3334 comicum,
1091 3251 1374 3317 sisermonem

183 3366 389 3430 hominum
410 3364 697 3429 litteratorum
725 3372 1047 3452 repraesentare
1085 3362 1373 3428 contendimus

183 3477 427 3543 Terentium.
467 3474 591 3541 Contra
619 3477 653 3540 in
675 3475 784 3540 Plauti
812 3473 999 3540 elocutione
1027 3497 1133 3540 sermo
1163 3473 1311 3560 plebeius
1342 3483 1373 3538 et

181 3589 328 3674 volgaris
349 3586 448 3655 facile
471 3589 670 3673 agnoscitur,
694 3588 845 3674 idemque
869 3589 939 3653 sine
962 3585 1061 3652 dubio
1079 3588 1241 3672 spectavit
1257 3584 1371 3650 Cicero

182 3701 203 3766 l.
228 3722 256 3765 c.
282 3699 469 3782 Caecilium,
493 3719 590 3784 quem
603 3700 708 3784 primo
725 3700 810 3764 inter
825 3699 971 3764 comicos
986 3700 1097 3785 posuit
1108 3696 1182 3764 loco
1194 3697 1373 3764 Volcacius

183 3812 359 3898 Sedigitus,
393 3809 516 3876 malum
550 3819 718 3877 auctorem
751 3811 942 3876 Latinitatis
973 3811 1096 3875 dicens.
1141 3809 1212 3874 Iam
1247 3811 1273 3874 si
1304 3819 1373 3874 tam

182 3924 337 3990 acerbum
358 3924 433 3989 tulit
447 3923 603 3988 iudicium
620 3921 734 3988 Cicero
758 3923 800 3989 de
817 3921 940 3987 Caecili
957 3945 1106 3988 sermono
1113 3918 1138 4002 ⁶)
1163 3944 1238 3986 cum
1253 3921 1373 3986 Teren-

181 4038 272 4102 tiano
296 4043 500 4123 comparato,
524 4057 620 4120 quem
644 4038 737 4120 quasi
759 4036 952 4120 magistrum
980 4056 1019 4099 ac
1042 4042 1217 4121 patronum
1239 4033 1372 4099 Terenti

181 4152 284 4217 fuisse
315 4149 435 4214 scimus
468 4148 556 4230 (Ter.
586 4149 643 4214 vit.
671 4144 701 4232 2,
731 4147 886 4214 Ritschel.
917 4167 1046 4234 parerg.
1076 4143 1138 4210 329
1169 4143 1270 4231 adn),
1303 4147 1372 4211 sine

284 4385 305 4451 ⁶)
324 4386 363 4440 cf.
384 4388 471 4437 etiam
499 4387 575 4440 Brut.
600 4387 641 4452 74,
664 4389 733 4438 258:
763 4381 924 4438 ‘Caecilium
944 4392 971 4436 et
993 4387 1143 4438 Pacuvium
1170 4386 1241 4437 male
1265 4385 1370 4437 locutos

180 4465 320 4524 ridemus'.
