3360 5188
804 473 1017 537 „10-

315 668 415 733 dubio
441 668 539 732 etiam
562 668 648 731 inter
668 664 776 730 Plauti
799 673 832 729 et
855 665 988 729 Terenti
1022 685 1204 729 sermonem
1233 663 1414 728 maximum
1437 659 1501 731 dis·

315 781 437 846 crimen
450 777 476 864 ἵ)
500 781 658 844 interesse
681 778 710 843 ei
728 777 834 842 videri
856 774 1008 841 debebat.

417 889 468 956 Ac
492 891 604 976 quanti
619 889 841 956 aestimaverit
858 886 973 953 Cicero
988 887 1121 952 Terenti
1142 908 1324 951 sermonem
1338 885 1500 951 urbanum

317 1004 415 1068 etiam
432 1002 534 1068 altero
550 1024 601 1066 me
618 1002 842 1066 demonstrare
857 1022 955 1085 posse
970 999 1043 1064 loco
1060 1006 1151 1084 puto.
1166 999 1297 1064 Etenim
1314 999 1349 1063 in
1360 996 1501 1063 Oratore

316 1111 382 1199 (47,
418 1111 492 1200 157)
524 1115 564 1180 de
586 1113 684 1180 rebus
713 1113 936 1199 grammaticis
967 1113 1139 1197 disputans
1169 1120 1344 1197 postquam
1372 1119 1499 1175 veteres

316 1237 433 1313 poetas
465 1227 666 1312 perstrinxit,
701 1227 789 1312 quod
818 1226 971 1289 inusitate
999 1224 1155 1289 incertis
1178 1222 1377 1308 quibusdam
1410 1223 1500 1286 voci·

313 1337 376 1404 bus
400 1339 570 1424 genetivos
592 1340 626 1403 in
642 1361 710 1402 -um
725 1359 784 1422 pro
801 1359 907 1402 -orum
923 1345 1079 1402 exeuntes
1102 1333 1321 1418 adhibuerint,
1344 1335 1498 1400 Terentio

314 1451 409 1536 quasi
444 1451 527 1517 duee
560 1472 600 1516 ac
625 1450 779 1535 signifero
814 1451 974 1515 sermonis
1008 1450 1081 1535 puri
1119 1458 1152 1514 et
1184 1448 1309 1530 latini⁸)
1343 1450 1445 1514 utitur
1467 1458 1500 1514 et

315 1564 473 1629 sermonis
495 1584 592 1629 usum
607 1563 739 1628 Terenti
763 1563 959 1628 anctoritate
983 1560 1219 1648 comprobasse
1243 1563 1322 1626 satis
1338 1558 1447 1643 habet,
1464 1562 1499 1625 id

314 1675 403 1760 quod
424 1674 476 1739 his
497 1673 608 1740 verbis
630 1684 785 1760 apparet:
804 1670 913 1761 ‘quasi
935 1696 1015 1740 vero
1038 1675 1222 1740 nesciamus
1246 1674 1280 1738 in
1301 1672 1364 1738 hoe
1380 1695 1499 1758 genere

318 1786 401 1867 (scil.
424 1789 567 1869 novisse,
602 1809 698 1851 nosse
722 1795 755 1852 et
777 1789 861 1868 sim.)
894 1796 927 1852 et
949 1785 1081 1871 plenum
1102 1785 1240 1852 verbum
1265 1796 1355 1852 recte
1378 1786 1443 1850 dici
1467 1795 1500 1850 et

315 1899 522 1963 imminutum
537 1901 667 1964 usitate.
691 1900 836 1985 Itaque
851 1909 1075 1984 utrumque
1090 1894 1319 1964 Terentius'
1338 1908 1371 1963 et
1386 1897 1496 1982 paullo

312 2019 404 2095 post:
434 2006 511 2074 ‘siet
540 2009 673 2093 plenum
697 2019 756 2092 est,
791 2012 833 2074 sit
855 2011 1078 2075 imminutum:
1112 2009 1190 2075 licet
1211 2019 1305 2075 utare
1337 2007 1496 2096 utroque',

313 2123 403 2208 quod
436 2121 587 2207 exemplo
618 2121 815 2186 Terentiano
851 2123 958 2187 denno
993 2121 1187 2208 comprobat
1211 2119 1338 2186 Cicero.
1382 2123 1497 2207 Itaque

314 2237 413 2301 etiam
435 2235 527 2300 Brut.
545 2233 594 2317 74,
619 2233 682 2298 258
705 2234 895 2299 Terentium
917 2236 950 2298 in
968 2235 1081 2319 primis
1102 2234 1288 2318 respexisse
1305 2231 1497 2300 Ciceronem

312 2348 490 2413 dicentem:
521 2342 628 2414 ‘cuius
664 2348 724 2428 (sc.
746 2346 922 2412 locutionis
953 2347 1145 2412 emendatae
1175 2355 1207 2410 et
1229 2345 1364 2425 latinae)
1396 2368 1497 2431 penes

317 2480 399 2545 quos
414 2457 487 2524 laus
511 2458 620 2523 adbuc
641 2457 713 2541 fuit,
736 2457 880 2522 nonfuit
901 2457 1040 2522 rationis
1059 2466 1116 2522 aut
1139 2459 1304 2540 scientiae,
1328 2459 1388 2522 sed
1403 2459 1495 2539 quasi

312 2569 420 2636 bonae
443 2569 700 2635 consuetudinis.
723 2569 818 2634 Mitto
836 2567 872 2634 C.
890 2568 1041 2635 Laelium
1054 2570 1091 2634 P.
1109 2567 1308 2654 Scipionem.
1330 2567 1495 2636 Aetatis

313 2680 432 2746 illius
448 2683 533 2746 ista
554 2680 739 2746 fuitlaus
762 2692 968 2767 tamquam
991 2684 1258 2749 innocentiae
1283 2683 1342 2747 sic
1364 2681 1496 2748 latine

316 2792 533 2878 loquendi:
556 2816 630 2858 nec
647 2796 988 2878 omniumtamen,
1005 2818 1094 2861 nam
1110 2794 1279 2861 illorum
1294 2794 1495 2882 aequales

313 2903 543 2970 Caecilium
566 2905 843 2970 etPacuvium
864 2907 969 2972 male
992 2907 1161 2972 locutos
1184 2903 1392 2991 videmus',
1416 2907 1495 2973 mibi

312 3026 438 3083 certum
460 3025 520 3081 est.
543 3015 659 3102 Itaque
682 3015 800 3080 vellem
823 3016 887 3081 alio
912 3027 1103 3104 argumento
1131 3041 1209 3084 usus
1239 3001 1326 3084 esset
1347 3020 1402 3084 Fr.
1426 3021 1495 3084 Leo

311 3129 333 3194 l.
356 3151 385 3194 o.
418 3151 449 3214 p.
475 3127 525 3211 11,
561 3149 624 3214 quo
655 3125 848 3214 ‘earumpse'
874 3129 1062 3196 Terentium
1097 3132 1221 3196 dixisse
1255 3131 1494 3224 comprobaret,

311 3249 410 3326 atque
432 3241 512 3306 hoc:
543 3237 746 3306 ‘Terentium
778 3240 829 3306 bis
863 3241 979 3308 formis
1015 3244 1159 3308 nondum
1194 3243 1402 3324 abstinuisse,
1437 3243 1495 3308 sed

310 3354 599 3437 grammaticorum
632 3374 733 3438 opera
756 3362 788 3418 et
810 3351 1018 3418 librariorum
1051 3354 1174 3419 factum
1197 3378 1280 3438 esse,
1304 3367 1340 3420 ut
1361 3356 1494 3420 codices

310 3465 498 3530 Terentiani
522 3467 569 3531 eis
591 3475 736 3550 careant,
760 3476 792 3531 et
808 3447 943 3532 Caecilii
967 3476 999 3533 et
1013 3467 1149 3533 Pacuvii
1171 3468 1358 3554 exemplum
1388 3465 1492 3534 doeet'

308 3576 440 3641 Etenim
463 3577 552 3662 quod
574 3575 718 3642 Caecilio
742 3579 954 3665 Pacuvioque
987 3578 1088 3662 licuit,
1122 3601 1188 3644 non
1222 3580 1298 3644 item
1332 3580 1395 3646 sibi
1418 3603 1494 3646 con-

309 3690 454 3754 donasse
475 3687 665 3753 Terentium
688 3687 857 3756 Ciceronis
878 3688 982 3756 verba
1005 3691 1133 3757 docent.

412 3800 500 3881 Quid
516 3801 615 3884 igitur
629 3802 756 3884 mirum,
781 3803 809 3866 si
824 3802 1013 3868 Terentium
1029 3824 1128 3867 voces
1151 3805 1291 3869 rusticas
1307 3812 1339 3868 et
1355 3805 1492 3892 priscas,

310 3956 512 3971 ——n—-

412 4039 432 4106 q
451 4039 581 4104 0ff.129,
599 4041 650 4090 104
663 4040 757 4092 Cicero
777 4041 810 4092 de
819 4042 912 4093 Plauti
929 4042 1037 4093 iocandi
1046 4042 1111 4108 (non
1124 4043 1241 4110 dicendi)
1253 4061 1351 4110 genere
1365 4045 1493 4110 eleganti,

307 4125 419 4188 urbano,
442 4126 591 4191 ingenioso,
616 4125 704 4178 faceto
722 4128 806 4178 verba
824 4128 897 4182 facit.
915 4128 951 4178 At
970 4128 1004 4182 ef.
1028 4128 1062 4178 de
1080 4134 1147 4181 ont.
1166 4129 1208 4179 111
1233 4131 1272 4194 12,
1291 4128 1337 4188 45:
1357 4125 1493 4196 ‘equidem

307 4226 368 4260 curn
393 4211 473 4261 audio
497 4227 603 4262 socrum
626 4229 715 4263 meam
738 4214 860 4264 Laeliam
880 4246 912 4256 -
931 4215 1039 4266 facilius
1063 4216 1135 4266 enirn
1157 4216 1285 4267 mulieres
1308 4219 1492 4282 incorruptam

308 4298 496 4363 antiquitatem
508 4305 670 4350 conservant
683 4339 690 4352 .
703 4339 710 4352 .
728 4329 761 4336 —
774 4300 888 4350 sedeam
898 4302 938 4351 sic
948 4301 1037 4363 audio,
1050 4308 1080 4351 ut
1090 4302 1216 4352 Plautum
1227 4303 1293 4352 mihi
1305 4308 1352 4353 aut
1360 4304 1494 4354 Naevium

310 4383 404 4433 videar
422 4375 531 4445 audire’,
551 4391 621 4449 quae
638 4386 723 4436 verba
740 4387 871 4436 vetusti
890 4388 1020 4437 sermonis
1038 4386 1147 4438 laudem
1166 4389 1313 4438 continent.

410 4476 428 4543 Β)
447 4478 487 4528 cf.
507 4481 587 4529 etiam
602 4480 678 4530 Lael.
689 4480 730 4544 24,
743 4481 790 4530 89:
808 4473 945 4546 ‘quoniam
958 4482 1121 4532 Terentiano
1140 4483 1223 4533 verbo
1236 4481 1362 4548 lubenter
1374 4477 1491 4534 utimur’.
