<?xml version="1.0" encoding="UTF-8"?>
<!DOCTYPE html PUBLIC "-//W3C//DTD XHTML 1.0 Transitional//EN"
    "http://www.w3.org/TR/xhtml1/DTD/xhtml1-transitional.dtd">
<html xmlns="http://www.w3.org/1999/xhtml" xml:lang="en" lang="en">
 <head>
  <title>
</title>
<meta http-equiv="Content-Type" content="text/html;charset=utf-8" />
  <meta name='ocr-system' content='tesseract 3.04.00' />
  <meta name='ocr-capabilities' content='ocr_page ocr_carea ocr_par ocr_line ocrx_word'/>
</head>
<body>
  <div class='ocr_page' id='page_1' title='image "./studiaterentian00engegoog_0026.png"; bbox 0 0 3360 5188; ppageno 0'>
   <div class='ocr_carea' id='block_1_1' title="bbox 170 808 1356 898">
    <p class='ocr_par' dir='ltr' id='par_1_1' title="bbox 170 808 1356 898">
     <span class='ocr_line' id='line_1_1' title="bbox 170 808 1356 898; baseline -0.008 -11"><span class='ocrx_word' id='word_1_1' title='bbox 170 818 217 887; x_wconf 92' lang='lat' dir='ltr'><strong>lll.</strong></span> <span class='ocrx_word' id='word_1_2' title='bbox 243 815 288 886; x_wconf 85' lang='lat' dir='ltr'><strong>lle</strong></span> <span class='ocrx_word' id='word_1_3' title='bbox 313 815 533 886; x_wconf 73' lang='lat' dir='ltr'><strong>declinatione</strong></span> <span class='ocrx_word' id='word_1_4' title='bbox 563 825 627 898; x_wconf 87' lang='lat' dir='ltr'><strong>oua</strong></span> <span class='ocrx_word' id='word_1_5' title='bbox 650 809 776 898; x_wconf 81' lang='lat' dir='ltr'><strong>stirpes</strong></span> <span class='ocrx_word' id='word_1_6' title='bbox 806 811 836 881; x_wconf 91' lang='lat' dir='ltr'><strong>ln</strong></span> <span class='ocrx_word' id='word_1_7' title='bbox 861 825 896 882; x_wconf 94' lang='lat' dir='ltr'><strong>·o</strong></span> <span class='ocrx_word' id='word_1_8' title='bbox 920 811 1112 881; x_wconf 69' lang='lat' dir='ltr'><strong>desinentes</strong></span> <span class='ocrx_word' id='word_1_9' title='bbox 1135 808 1356 880; x_wconf 85' lang='lat' dir='ltr'><strong>continentur.</strong></span> 
     </span>
    </p>
   </div>
   <div class='ocr_carea' id='block_1_2' title="bbox 273 991 1409 1081">
    <p class='ocr_par' dir='ltr' id='par_1_2' title="bbox 273 991 1409 1081">
     <span class='ocr_line' id='line_1_2' title="bbox 273 991 1409 1081; baseline -0.003 -19"><span class='ocrx_word' id='word_1_10' title='bbox 273 999 301 1063; x_wconf 89' lang='lat'><strong>1.</strong></span> <span class='ocrx_word' id='word_1_11' title='bbox 336 998 535 1064; x_wconf 85' lang='lat' dir='ltr'><strong>Vocativum</strong></span> <span class='ocrx_word' id='word_1_12' title='bbox 569 992 691 1081; x_wconf 79' lang='lat' dir='ltr'><strong>‘puero&#39;</strong></span> <span class='ocrx_word' id='word_1_13' title='bbox 717 994 846 1062; x_wconf 89' lang='lat' dir='ltr'><strong>duobus</strong></span> <span class='ocrx_word' id='word_1_14' title='bbox 880 994 964 1060; x_wconf 88' lang='lat' dir='ltr'><strong>locis</strong></span> <span class='ocrx_word' id='word_1_15' title='bbox 999 995 1059 1060; x_wconf 86' lang='lat' dir='ltr'><strong>viri</strong></span> <span class='ocrx_word' id='word_1_16' title='bbox 1084 995 1173 1060; x_wconf 86' lang='lat' dir='ltr'><strong>docti</strong></span> <span class='ocrx_word' id='word_1_17' title='bbox 1205 991 1282 1058; x_wconf 85' lang='lat' dir='ltr'><strong>inde</strong></span> <span class='ocrx_word' id='word_1_18' title='bbox 1315 994 1358 1059; x_wconf 85' lang='lat' dir='ltr'><strong>ab</strong></span> <span class='ocrx_word' id='word_1_19' title='bbox 1405 1009 1409 1022; x_wconf 85' lang='grc'><strong>“</strong></span> 
     </span>
    </p>
   </div>
   <div class='ocr_carea' id='block_1_3' title="bbox 137 1106 1409 3321">
    <p class='ocr_par' dir='ltr' id='par_1_3' title="bbox 168 1106 1278 1641">
     <span class='ocr_line' id='line_1_3' title="bbox 168 1106 760 1176; baseline -0.007 0"><span class='ocrx_word' id='word_1_20' title='bbox 168 1111 308 1176; x_wconf 83' lang='lat' dir='ltr'><strong>Eraemo</strong></span> <span class='ocrx_word' id='word_1_21' title='bbox 331 1109 549 1176; x_wconf 78' lang='lat' dir='ltr'><strong>restituebant</strong></span> <span class='ocrx_word' id='word_1_22' title='bbox 571 1110 656 1175; x_wconf 86' lang='lat' dir='ltr'><strong>Eun.</strong></span> <span class='ocrx_word' id='word_1_23' title='bbox 680 1106 760 1172; x_wconf 81' lang='lat'><strong>624:</strong></span> 
     </span>
     <span class='ocr_line' id='line_1_4' title="bbox 253 1219 1278 1306; baseline -0.004 -18"><span class='ocrx_word' id='word_1_24' title='bbox 253 1219 380 1288; x_wconf 82' lang='lat' dir='ltr'><strong>‘leuit</strong></span> <span class='ocrx_word' id='word_1_25' title='bbox 401 1222 512 1288; x_wconf 86' lang='lat' dir='ltr'><strong>facere</strong></span> <span class='ocrx_word' id='word_1_26' title='bbox 535 1223 652 1286; x_wconf 84' lang='lat' dir='ltr'><strong>odntra</strong></span> <span class='ocrx_word' id='word_1_27' title='bbox 674 1220 750 1285; x_wconf 89' lang='lat' dir='ltr'><strong>huie</strong></span> <span class='ocrx_word' id='word_1_28' title='bbox 774 1242 887 1305; x_wconf 85' lang='lat' dir='ltr'><strong>aegre:</strong></span> <span class='ocrx_word' id='word_1_29' title='bbox 913 1219 1004 1300; x_wconf 89' lang='lat' dir='ltr'><strong>heus,</strong></span> <span class='ocrx_word' id='word_1_30' title='bbox 1026 1222 1142 1306; x_wconf 85' lang='lat' dir='ltr'><strong>inquit,</strong></span> <span class='ocrx_word' id='word_1_31' title='bbox 1167 1242 1278 1306; x_wconf 85' lang='lat' dir='ltr'><strong>puero,</strong></span> 
     </span>
     <span class='ocr_line' id='line_1_5' title="bbox 663 1332 868 1419; baseline 0.005 -22"><span class='ocrx_word' id='word_1_32' title='bbox 663 1332 868 1419; x_wconf 74' lang='lat' dir='ltr'><strong>Pamphilam</strong></span> 
     </span>
     <span class='ocr_line' id='line_1_6' title="bbox 263 1443 1267 1531; baseline -0.001 -20"><span class='ocrx_word' id='word_1_33' title='bbox 263 1447 417 1531; x_wconf 85' lang='lat' dir='ltr'><strong>Accerse,</strong></span> <span class='ocrx_word' id='word_1_34' title='bbox 441 1455 478 1514; x_wconf 87' lang='lat' dir='ltr'><strong>ut</strong></span> <span class='ocrx_word' id='word_1_35' title='bbox 500 1447 640 1513; x_wconf 72' lang='lat' dir='ltr'><strong>delectet</strong></span> <span class='ocrx_word' id='word_1_36' title='bbox 661 1445 714 1511; x_wconf 91' lang='lat' dir='ltr'><strong>bio</strong></span> <span class='ocrx_word' id='word_1_37' title='bbox 737 1468 808 1511; x_wconf 91' lang='lat' dir='ltr'><strong>nos.</strong></span> <span class='ocrx_word' id='word_1_38' title='bbox 831 1445 890 1512; x_wconf 83' lang='lat' dir='ltr'><strong>illa</strong></span> <span class='ocrx_word' id='word_1_39' title='bbox 919 1443 1109 1528; x_wconf 86' lang='lat' dir='ltr'><strong>[exclamat]</strong></span> <span class='ocrx_word' id='word_1_40' title='bbox 1135 1445 1267 1510; x_wconf 87' lang='lat' dir='ltr'><strong>minime</strong></span> 
     </span>
     <span class='ocr_line' id='line_1_7' title="bbox 679 1553 844 1641; baseline -0.006 -20"><span class='ocrx_word' id='word_1_41' title='bbox 679 1553 844 1641; x_wconf 74' lang='lat' dir='ltr'><strong>gentium?</strong></span> 
     </span>
    </p>

    <p class='ocr_par' dir='ltr' id='par_1_4' title="bbox 137 1664 1409 3321">
     <span class='ocr_line' id='line_1_8' title="bbox 167 1664 1358 1754; baseline -0.004 -18"><span class='ocrx_word' id='word_1_42' title='bbox 167 1669 245 1736; x_wconf 87' lang='lat' dir='ltr'><strong>Vox</strong></span> <span class='ocrx_word' id='word_1_43' title='bbox 267 1673 361 1736; x_wconf 89' lang='lat' dir='ltr'><strong>uncis</strong></span> <span class='ocrx_word' id='word_1_44' title='bbox 384 1671 513 1737; x_wconf 86' lang='lat' dir='ltr'><strong>inclusa</strong></span> <span class='ocrx_word' id='word_1_45' title='bbox 533 1671 628 1735; x_wconf 88' lang='lat' dir='ltr'><strong>metri</strong></span> <span class='ocrx_word' id='word_1_46' title='bbox 651 1690 753 1734; x_wconf 89' lang='lat' dir='ltr'><strong>causa</strong></span> <span class='ocrx_word' id='word_1_47' title='bbox 777 1677 865 1734; x_wconf 84' lang='lat' dir='ltr'><strong>stare</strong></span> <span class='ocrx_word' id='word_1_48' title='bbox 887 1667 1010 1754; x_wconf 86' lang='lat' dir='ltr'><strong>nequit.</strong></span> <span class='ocrx_word' id='word_1_49' title='bbox 1044 1664 1090 1731; x_wconf 82' lang='lat' dir='ltr'><strong>At</strong></span> <span class='ocrx_word' id='word_1_50' title='bbox 1110 1664 1358 1731; x_wconf 86' lang='lat' dir='ltr'><strong>Fleckeisenius</strong></span> 
     </span>
     <span class='ocr_line' id='line_1_9' title="bbox 167 1773 1360 1862; baseline -0.003 -18"><span class='ocrx_word' id='word_1_51' title='bbox 167 1779 209 1845; x_wconf 84' lang='lat' dir='ltr'><strong>G.</strong></span> <span class='ocrx_word' id='word_1_52' title='bbox 227 1783 454 1848; x_wconf 87' lang='lat' dir='ltr'><strong>Hermaunum</strong></span> <span class='ocrx_word' id='word_1_53' title='bbox 479 1791 610 1847; x_wconf 88' lang='lat' dir='ltr'><strong>secutus</strong></span> <span class='ocrx_word' id='word_1_54' title='bbox 633 1803 706 1846; x_wconf 86' lang='lat' dir='ltr'><strong>eam</strong></span> <span class='ocrx_word' id='word_1_55' title='bbox 735 1789 773 1844; x_wconf 92' lang='lat' dir='ltr'><strong>ut</strong></span> <span class='ocrx_word' id='word_1_56' title='bbox 794 1788 911 1862; x_wconf 89' lang='lat' dir='ltr'><strong>servet,</strong></span> <span class='ocrx_word' id='word_1_57' title='bbox 936 1779 1023 1845; x_wconf 89' lang='lat' dir='ltr'><strong>delet</strong></span> <span class='ocrx_word' id='word_1_58' title='bbox 1039 1773 1164 1844; x_wconf 84' lang='lat' dir='ltr'><strong>‘voluit&#39;</strong></span> <span class='ocrx_word' id='word_1_59' title='bbox 1190 1785 1223 1842; x_wconf 92' lang='lat' dir='ltr'><strong>et</strong></span> <span class='ocrx_word' id='word_1_60' title='bbox 1244 1779 1360 1843; x_wconf 88' lang='lat' dir='ltr'><strong>inserit</strong></span> 
     </span>
     <span class='ocr_line' id='line_1_10' title="bbox 176 1888 1409 1990; baseline -0.002 -33"><span class='ocrx_word' id='word_1_61' title='bbox 176 1891 313 1959; x_wconf 86' lang='lat' dir='ltr'><strong>arcesse’</strong></span> <span class='ocrx_word' id='word_1_62' title='bbox 331 1903 409 1980; x_wconf 90' lang='lat' dir='ltr'><strong>post</strong></span> <span class='ocrx_word' id='word_1_63' title='bbox 425 1890 540 1978; x_wconf 82' lang='lat' dir='ltr'><strong>‘puer&#39;‚</strong></span> <span class='ocrx_word' id='word_1_64' title='bbox 564 1891 732 1959; x_wconf 87' lang='lat' dir='ltr'><strong>Bentleiue</strong></span> <span class='ocrx_word' id='word_1_65' title='bbox 749 1893 881 1979; x_wconf 84' lang='lat' dir='ltr'><strong>scripsit</strong></span> <span class='ocrx_word' id='word_1_66' title='bbox 898 1889 994 1977; x_wconf 81' lang='lat' dir='ltr'><strong>‘puer</strong></span> <span class='ocrx_word' id='word_1_67' title='bbox 1015 1888 1046 1973; x_wconf 85' lang='lat' dir='ltr'><strong>i&#39;,</strong></span> <span class='ocrx_word' id='word_1_68' title='bbox 1070 1913 1169 1978; x_wconf 81' lang='lat' dir='ltr'><strong>quam</strong></span> <span class='ocrx_word' id='word_1_69' title='bbox 1184 1889 1358 1956; x_wconf 88' lang='lat' dir='ltr'><strong>lectionem</strong></span> <span class='ocrx_word' id='word_1_70' title='bbox 1405 1969 1409 1990; x_wconf 63' lang='lat'><em>,</em></span> 
     </span>
     <span class='ocr_line' id='line_1_11' title="bbox 166 2001 1358 2091; baseline -0.002 -22"><span class='ocrx_word' id='word_1_71' title='bbox 166 2004 256 2070; x_wconf 91' lang='lat' dir='ltr'><strong>haud</strong></span> <span class='ocrx_word' id='word_1_72' title='bbox 271 2014 351 2091; x_wconf 89' lang='lat' dir='ltr'><strong>apto</strong></span> <span class='ocrx_word' id='word_1_73' title='bbox 366 2002 519 2091; x_wconf 87' lang='lat' dir='ltr'><strong>exemplo</strong></span> <span class='ocrx_word' id='word_1_74' title='bbox 535 2003 766 2089; x_wconf 80' lang='lat' dir='ltr'><strong>comprobavit</strong></span> <span class='ocrx_word' id='word_1_75' title='bbox 781 2005 866 2070; x_wconf 82' lang='lat' dir='ltr'><strong>Eun.</strong></span> <span class='ocrx_word' id='word_1_76' title='bbox 883 2002 962 2069; x_wconf 78' lang='lat'><strong>892:</strong></span> <span class='ocrx_word' id='word_1_77' title='bbox 974 2001 1150 2072; x_wconf 82' lang='lat' dir='ltr'><strong>‘nutricem</strong></span> <span class='ocrx_word' id='word_1_78' title='bbox 1164 2004 1358 2068; x_wconf 83' lang='lat' dir='ltr'><strong>arcessitum</strong></span> 
     </span>
     <span class='ocr_line' id='line_1_12' title="bbox 167 2110 1359 2203; baseline 0.001 -24"><span class='ocrx_word' id='word_1_79' title='bbox 167 2111 231 2199; x_wconf 78' lang='lat' dir='ltr'><strong>iit&#39;3</strong></span> <span class='ocrx_word' id='word_1_80' title='bbox 256 2115 315 2181; x_wconf 90' lang='lat' dir='ltr'><strong>sed</strong></span> <span class='ocrx_word' id='word_1_81' title='bbox 337 2125 448 2181; x_wconf 85' lang='lat' dir='ltr'><strong>exstat</strong></span> <span class='ocrx_word' id='word_1_82' title='bbox 469 2116 568 2203; x_wconf 87' lang='lat' dir='ltr'><strong>plene</strong></span> <span class='ocrx_word' id='word_1_83' title='bbox 584 2115 699 2182; x_wconf 55' lang='lat' dir='ltr'><strong>&amp;milis</strong></span> <span class='ocrx_word' id='word_1_84' title='bbox 721 2115 814 2183; x_wconf 86' lang='lat' dir='ltr'><strong>locus</strong></span> <span class='ocrx_word' id='word_1_85' title='bbox 829 2116 936 2182; x_wconf 87' lang='lat' dir='ltr'><strong>Plaut.</strong></span> <span class='ocrx_word' id='word_1_86' title='bbox 960 2116 1079 2184; x_wconf 88' lang='lat' dir='ltr'><strong>Pseud.</strong></span> <span class='ocrx_word' id='word_1_87' title='bbox 1102 2115 1182 2180; x_wconf 83' lang='lat'>330:</span> <span class='ocrx_word' id='word_1_88' title='bbox 1200 2110 1359 2202; x_wconf 85' lang='lat' dir='ltr'><strong>‘propera</strong></span> 
     </span>
     <span class='ocr_line' id='line_1_13' title="bbox 168 2224 1358 2314; baseline -0.002 -22"><span class='ocrx_word' id='word_1_89' title='bbox 168 2227 246 2314; x_wconf 89' lang='lat' dir='ltr'><strong>quid</strong></span> <span class='ocrx_word' id='word_1_90' title='bbox 262 2228 354 2292; x_wconf 83' lang='lat' dir='ltr'><strong>stas?</strong></span> <span class='ocrx_word' id='word_1_91' title='bbox 369 2229 389 2311; x_wconf 86' lang='lat' dir='ltr'><strong>i,</strong></span> <span class='ocrx_word' id='word_1_92' title='bbox 407 2250 578 2293; x_wconf 87' lang='lat' dir='ltr'><strong>accerse</strong></span> <span class='ocrx_word' id='word_1_93' title='bbox 594 2224 718 2312; x_wconf 85' lang='lat' dir='ltr'><strong>agnos’‚</strong></span> <span class='ocrx_word' id='word_1_94' title='bbox 735 2227 791 2294; x_wconf 93' lang='lat' dir='ltr'><strong>ubi</strong></span> <span class='ocrx_word' id='word_1_95' title='bbox 803 2224 835 2293; x_wconf 81' lang='lat' dir='ltr'><strong>‘i’</strong></span> <span class='ocrx_word' id='word_1_96' title='bbox 853 2228 1006 2294; x_wconf 86' lang='lat' dir='ltr'><strong>voculam</strong></span> <span class='ocrx_word' id='word_1_97' title='bbox 1025 2229 1134 2292; x_wconf 87' lang='lat' dir='ltr'><strong>omisit</strong></span> <span class='ocrx_word' id='word_1_98' title='bbox 1148 2226 1358 2307; x_wconf 77' lang='lat' dir='ltr'><strong>Ritschelius,</strong></span> 
     </span>
     <span class='ocr_line' id='line_1_14' title="bbox 166 2339 1360 2427; baseline 0 -23"><span class='ocrx_word' id='word_1_99' title='bbox 166 2341 290 2426; x_wconf 88' lang='lat' dir='ltr'><strong>recepit</strong></span> <span class='ocrx_word' id='word_1_100' title='bbox 312 2341 493 2407; x_wconf 88' lang='lat' dir='ltr'><strong>Lorenzius</strong></span> <span class='ocrx_word' id='word_1_101' title='bbox 516 2363 534 2405; x_wconf 90' lang='lat' dir='ltr'><strong>e</strong></span> <span class='ocrx_word' id='word_1_102' title='bbox 557 2339 673 2407; x_wconf 89' lang='lat' dir='ltr'><strong>codice</strong></span> <span class='ocrx_word' id='word_1_103' title='bbox 694 2339 736 2425; x_wconf 89' lang='lat' dir='ltr'><strong>A,</strong></span> <span class='ocrx_word' id='word_1_104' title='bbox 766 2343 801 2406; x_wconf 89' lang='lat' dir='ltr'><strong>in</strong></span> <span class='ocrx_word' id='word_1_105' title='bbox 824 2364 889 2427; x_wconf 95' lang='lat' dir='ltr'><strong>quo</strong></span> <span class='ocrx_word' id='word_1_106' title='bbox 912 2363 986 2408; x_wconf 84' lang='lat' dir='ltr'><strong>eam</strong></span> <span class='ocrx_word' id='word_1_107' title='bbox 1009 2350 1142 2405; x_wconf 85' lang='lat' dir='ltr'><strong>exstare</strong></span> <span class='ocrx_word' id='word_1_108' title='bbox 1165 2339 1360 2405; x_wconf 87' lang='lat' dir='ltr'><strong>Studemun·</strong></span> 
     </span>
     <span class='ocr_line' id='line_1_15' title="bbox 168 2449 1359 2539; baseline -0.003 -21"><span class='ocrx_word' id='word_1_109' title='bbox 168 2452 239 2518; x_wconf 88' lang='lat' dir='ltr'><strong>dius</strong></span> <span class='ocrx_word' id='word_1_110' title='bbox 272 2453 371 2533; x_wconf 89' lang='lat' dir='ltr'><strong>(stud.</strong></span> <span class='ocrx_word' id='word_1_111' title='bbox 401 2455 436 2517; x_wconf 90' lang='lat' dir='ltr'><strong>in</strong></span> <span class='ocrx_word' id='word_1_112' title='bbox 464 2454 562 2539; x_wconf 88' lang='lat' dir='ltr'><strong>prisc.</strong></span> <span class='ocrx_word' id='word_1_113' title='bbox 593 2455 705 2538; x_wconf 87' lang='lat' dir='ltr'><strong>script.</strong></span> <span class='ocrx_word' id='word_1_114' title='bbox 736 2452 833 2517; x_wconf 83' lang='lat' dir='ltr'><strong>lati</strong></span> <span class='ocrx_word' id='word_1_115' title='bbox 863 2451 924 2516; x_wconf 78' lang='lat'><strong>271</strong></span> <span class='ocrx_word' id='word_1_116' title='bbox 955 2455 1035 2532; x_wconf 90' lang='lat' dir='ltr'><strong>not.)</strong></span> <span class='ocrx_word' id='word_1_117' title='bbox 1060 2452 1185 2517; x_wconf 87' lang='lat' dir='ltr'><strong>docuit.</strong></span> <span class='ocrx_word' id='word_1_118' title='bbox 1228 2449 1359 2515; x_wconf 87' lang='lat' dir='ltr'><strong>Deinde</strong></span> 
     </span>
     <span class='ocr_line' id='line_1_16' title="bbox 166 2561 1357 2649; baseline -0.002 -20"><span class='ocrx_word' id='word_1_119' title='bbox 166 2565 249 2630; x_wconf 89' lang='lat' dir='ltr'><strong>Hee.</strong></span> <span class='ocrx_word' id='word_1_120' title='bbox 273 2563 354 2630; x_wconf 68' lang='lat'><strong>719:</strong></span> <span class='ocrx_word' id='word_1_121' title='bbox 384 2561 519 2630; x_wconf 80' lang='lat' dir='ltr'><strong>‘faeiem</strong></span> <span class='ocrx_word' id='word_1_122' title='bbox 542 2566 578 2629; x_wconf 81' lang='lat' dir='ltr'><strong>nit</strong></span> <span class='ocrx_word' id='word_1_123' title='bbox 610 2587 735 2630; x_wconf 85' lang='lat' dir='ltr'><strong>mones.</strong></span> <span class='ocrx_word' id='word_1_124' title='bbox 763 2564 824 2631; x_wconf 94' lang='lat' dir='ltr'><strong>eho</strong></span> <span class='ocrx_word' id='word_1_125' title='bbox 848 2568 948 2649; x_wconf 78' lang='lat' dir='ltr'><strong>priore</strong></span> <span class='ocrx_word' id='word_1_126' title='bbox 973 2587 1066 2629; x_wconf 80' lang='lat' dir='ltr'><strong>curre</strong></span> <span class='ocrx_word' id='word_1_127' title='bbox 1089 2563 1133 2629; x_wconf 87' lang='lat' dir='ltr'><strong>ad</strong></span> <span class='ocrx_word' id='word_1_128' title='bbox 1156 2562 1357 2630; x_wconf 77' lang='lat' dir='ltr'><strong>Bacchidem</strong></span> 
     </span>
     <span class='ocr_line' id='line_1_17' title="bbox 166 2671 1356 2763; baseline -0.001 -23"><span class='ocrx_word' id='word_1_129' title='bbox 166 2673 259 2741; x_wconf 90' lang='lat' dir='ltr'><strong>hanc&#39;</strong></span> <span class='ocrx_word' id='word_1_130' title='bbox 284 2675 374 2741; x_wconf 84' lang='lat' dir='ltr'><strong>facili</strong></span> <span class='ocrx_word' id='word_1_131' title='bbox 396 2672 779 2763; x_wconf 76' lang='lat' dir='ltr'><strong>transpositione-‘curre</strong></span> <span class='ocrx_word' id='word_1_132' title='bbox 802 2671 889 2762; x_wconf 89' lang='lat' dir='ltr'><strong>puer’</strong></span> <span class='ocrx_word' id='word_1_133' title='bbox 915 2698 990 2741; x_wconf 87' lang='lat' dir='ltr'><strong>cum</strong></span> <span class='ocrx_word' id='word_1_134' title='bbox 1011 2676 1161 2741; x_wconf 91' lang='lat' dir='ltr'><strong>Bentleio</strong></span> <span class='ocrx_word' id='word_1_135' title='bbox 1185 2684 1217 2740; x_wconf 89' lang='lat' dir='ltr'><strong>et</strong></span> <span class='ocrx_word' id='word_1_136' title='bbox 1239 2675 1356 2740; x_wconf 90' lang='lat' dir='ltr'><strong>codice</strong></span> 
     </span>
     <span class='ocr_line' id='line_1_18' title="bbox 166 2786 1358 2874; baseline -0.002 -22"><span class='ocrx_word' id='word_1_137' title='bbox 166 2788 194 2852; x_wconf 87' lang='lat' dir='ltr'>F</span> <span class='ocrx_word' id='word_1_138' title='bbox 216 2787 291 2853; x_wconf 89' lang='lat' dir='ltr'><strong>loco</strong></span> <span class='ocrx_word' id='word_1_139' title='bbox 313 2786 478 2854; x_wconf 80' lang='lat' dir='ltr'><strong>laboranti</strong></span> <span class='ocrx_word' id='word_1_140' title='bbox 513 2789 657 2854; x_wconf 85' lang='lat' dir='ltr'><strong>succurri</strong></span> <span class='ocrx_word' id='word_1_141' title='bbox 680 2796 799 2874; x_wconf 86' lang='lat' dir='ltr'><strong>potest.</strong></span> <span class='ocrx_word' id='word_1_142' title='bbox 845 2787 896 2853; x_wconf 87' lang='lat' dir='ltr'><strong>Ac</strong></span> <span class='ocrx_word' id='word_1_143' title='bbox 922 2787 1074 2854; x_wconf 89' lang='lat' dir='ltr'><strong>Plautum</strong></span> <span class='ocrx_word' id='word_1_144' title='bbox 1099 2786 1250 2853; x_wconf 87' lang='lat' dir='ltr'><strong>omnibus</strong></span> <span class='ocrx_word' id='word_1_145' title='bbox 1273 2787 1358 2852; x_wconf 87' lang='lat' dir='ltr'><strong>looie</strong></span> 
     </span>
     <span class='ocr_line' id='line_1_19' title="bbox 161 2896 1358 2986; baseline 0 -22"><span class='ocrx_word' id='word_1_146' title='bbox 161 2896 283 2986; x_wconf 81' lang='lat' dir='ltr'><strong>‘puero&#39;</strong></span> <span class='ocrx_word' id='word_1_147' title='bbox 309 2900 418 2966; x_wconf 89' lang='lat' dir='ltr'><strong>dicere</strong></span> <span class='ocrx_word' id='word_1_148' title='bbox 442 2900 647 2965; x_wconf 86' lang='lat' dir='ltr'><strong>demonstrat</strong></span> <span class='ocrx_word' id='word_1_149' title='bbox 662 2900 844 2966; x_wconf 81' lang='lat' dir='ltr'><strong>Lorennins</strong></span> <span class='ocrx_word' id='word_1_150' title='bbox 867 2901 910 2966; x_wconf 91' lang='lat' dir='ltr'><strong>ad</strong></span> <span class='ocrx_word' id='word_1_151' title='bbox 932 2898 1049 2966; x_wconf 81' lang='lat' dir='ltr'><strong>Pseud.</strong></span> <span class='ocrx_word' id='word_1_152' title='bbox 1075 2897 1136 2962; x_wconf 83' lang='lat'><strong>165</strong></span> <span class='ocrx_word' id='word_1_153' title='bbox 1152 2898 1358 2980; x_wconf 74' lang='lat' dir='ltr'><strong>Muellerum,</strong></span> 
     </span>
     <span class='ocr_line' id='line_1_20' title="bbox 165 3008 1358 3100; baseline 0.001 -23"><span class='ocrx_word' id='word_1_154' title='bbox 165 3011 322 3077; x_wconf 87' lang='lat' dir='ltr'><strong>additam.</strong></span> <span class='ocrx_word' id='word_1_155' title='bbox 339 3011 383 3077; x_wconf 84' lang='lat' dir='ltr'><strong>ad</strong></span> <span class='ocrx_word' id='word_1_156' title='bbox 396 3034 484 3096; x_wconf 90' lang='lat' dir='ltr'><strong>pros.</strong></span> <span class='ocrx_word' id='word_1_157' title='bbox 500 3012 606 3076; x_wconf 88' lang='lat' dir='ltr'><strong>Plant.</strong></span> <span class='ocrx_word' id='word_1_158' title='bbox 620 3008 723 3098; x_wconf 87' lang='lat' dir='ltr'><strong>p.139</strong></span> <span class='ocrx_word' id='word_1_159' title='bbox 740 3012 810 3076; x_wconf 86' lang='lat' dir='ltr'><strong>sine</strong></span> <span class='ocrx_word' id='word_1_160' title='bbox 825 3009 925 3077; x_wconf 89' lang='lat' dir='ltr'><strong>dubio</strong></span> <span class='ocrx_word' id='word_1_161' title='bbox 944 3022 1074 3078; x_wconf 88' lang='lat' dir='ltr'><strong>secutus</strong></span> <span class='ocrx_word' id='word_1_162' title='bbox 1086 3009 1135 3094; x_wconf 84' lang='lat'>¹³),</span> <span class='ocrx_word' id='word_1_163' title='bbox 1151 3012 1358 3100; x_wconf 88' lang='lat' dir='ltr'><strong>formamque</strong></span> 
     </span>
     <span class='ocr_line' id='line_1_21' title="bbox 137 3123 1357 3210; baseline 0 -20"><span class='ocrx_word' id='word_1_164' title='bbox 137 3164 140 3170; x_wconf 92' lang='lat'>·</span> <span class='ocrx_word' id='word_1_165' title='bbox 164 3125 262 3208; x_wconf 85' lang='lat' dir='ltr'><strong>longe</strong></span> <span class='ocrx_word' id='word_1_166' title='bbox 286 3123 433 3210; x_wconf 87' lang='lat' dir='ltr'><strong>plurimis</strong></span> <span class='ocrx_word' id='word_1_167' title='bbox 455 3123 539 3189; x_wconf 87' lang='lat' dir='ltr'><strong>loeis</strong></span> <span class='ocrx_word' id='word_1_168' title='bbox 563 3125 661 3189; x_wconf 87' lang='lat' dir='ltr'><strong>etiam</strong></span> <span class='ocrx_word' id='word_1_169' title='bbox 685 3125 818 3190; x_wconf 83' lang='lat' dir='ltr'><strong>codices</strong></span> <span class='ocrx_word' id='word_1_170' title='bbox 841 3135 1065 3190; x_wconf 86' lang='lat' dir='ltr'><strong>servaverunt.</strong></span> <span class='ocrx_word' id='word_1_171' title='bbox 1112 3124 1235 3190; x_wconf 80' lang='lat' dir='ltr'><strong>Contra</strong></span> <span class='ocrx_word' id='word_1_172' title='bbox 1257 3149 1357 3192; x_wconf 84' lang='lat' dir='ltr'><strong>voca-</strong></span> 
     </span>
     <span class='ocr_line' id='line_1_22' title="bbox 165 3231 1356 3321; baseline 0.003 -22"><span class='ocrx_word' id='word_1_173' title='bbox 165 3236 250 3301; x_wconf 89' lang='lat' dir='ltr'><strong>tivus</strong></span> <span class='ocrx_word' id='word_1_174' title='bbox 268 3231 370 3321; x_wconf 73' lang='lat' dir='ltr'><strong>‘puer&#39;</strong></span> <span class='ocrx_word' id='word_1_175' title='bbox 395 3235 544 3300; x_wconf 84' lang='lat' dir='ltr'><strong>firmatus</strong></span> <span class='ocrx_word' id='word_1_176' title='bbox 577 3245 628 3300; x_wconf 90' lang='lat' dir='ltr'><strong>est</strong></span> <span class='ocrx_word' id='word_1_177' title='bbox 651 3236 740 3320; x_wconf 90' lang='lat' dir='ltr'><strong>apud</strong></span> <span class='ocrx_word' id='word_1_178' title='bbox 762 3236 962 3318; x_wconf 84' lang='lat' dir='ltr'><strong>Terentium,</strong></span> <span class='ocrx_word' id='word_1_179' title='bbox 993 3259 1068 3302; x_wconf 91' lang='lat' dir='ltr'><strong>oum</strong></span> <span class='ocrx_word' id='word_1_180' title='bbox 1091 3238 1125 3301; x_wconf 90' lang='lat' dir='ltr'><strong>in</strong></span> <span class='ocrx_word' id='word_1_181' title='bbox 1145 3236 1211 3304; x_wconf 89' lang='lat' dir='ltr'><strong>fine</strong></span> <span class='ocrx_word' id='word_1_182' title='bbox 1239 3261 1356 3303; x_wconf 87' lang='lat' dir='ltr'><strong>versus</strong></span> 
     </span>
    </p>
   </div>
   <div class='ocr_carea' id='block_1_4' title="bbox 166 3345 1193 3547">
    <p class='ocr_par' dir='ltr' id='par_1_5' title="bbox 166 3345 1193 3547">
     <span class='ocr_line' id='line_1_23' title="bbox 166 3345 505 3429; baseline 0 -19"><span class='ocrx_word' id='word_1_183' title='bbox 166 3346 294 3429; x_wconf 85' lang='lat' dir='ltr'><strong>legatur</strong></span> <span class='ocrx_word' id='word_1_184' title='bbox 316 3345 420 3411; x_wconf 89' lang='lat' dir='ltr'><strong>Andr.</strong></span> <span class='ocrx_word' id='word_1_185' title='bbox 446 3345 505 3410; x_wconf 86' lang='lat'><strong>84:</strong></span> 
     </span>
     <span class='ocr_line' id='line_1_24' title="bbox 327 3453 1193 3547; baseline 0.008 -27"><span class='ocrx_word' id='word_1_186' title='bbox 327 3453 501 3522; x_wconf 77' lang='lat' dir='ltr'><strong>‘venientis</strong></span> <span class='ocrx_word' id='word_1_187' title='bbox 524 3467 582 3523; x_wconf 85' lang='lat' dir='ltr'><strong>aut</strong></span> <span class='ocrx_word' id='word_1_188' title='bbox 604 3458 771 3526; x_wconf 81' lang='lat' dir='ltr'><strong>abeuntis:</strong></span> <span class='ocrx_word' id='word_1_189' title='bbox 793 3460 976 3546; x_wconf 80' lang='lat' dir='ltr'><strong>cogitabam</strong></span> <span class='ocrx_word' id='word_1_190' title='bbox 1000 3460 1081 3527; x_wconf 84' lang='lat' dir='ltr'><strong>heire</strong></span> <span class='ocrx_word' id='word_1_191' title='bbox 1105 3458 1193 3547; x_wconf 89' lang='lat' dir='ltr'><strong>puer&#39;</strong></span> 
     </span>
    </p>
   </div>
   <div class='ocr_carea' id='block_1_5' title="bbox 161 3566 1354 4220">
    <p class='ocr_par' dir='ltr' id='par_1_6' title="bbox 161 3566 1354 3861">
     <span class='ocr_line' id='line_1_25' title="bbox 165 3566 390 3634; baseline -0.013 0"><span class='ocrx_word' id='word_1_192' title='bbox 165 3578 199 3634; x_wconf 84' lang='lat' dir='ltr'><strong>ot</strong></span> <span class='ocrx_word' id='word_1_193' title='bbox 220 3566 285 3634; x_wconf 83' lang='lat' dir='ltr'><strong>Ad.</strong></span> <span class='ocrx_word' id='word_1_194' title='bbox 308 3566 390 3632; x_wconf 87' lang='lat'>940:</span> 
     </span>
     <span class='ocr_line' id='line_1_26' title="bbox 161 3677 1354 3769; baseline 0.002 -24"><span class='ocrx_word' id='word_1_195' title='bbox 161 3677 246 3745; x_wconf 73' lang='lat' dir='ltr'><strong>‘facz</strong></span> <span class='ocrx_word' id='word_1_196' title='bbox 270 3681 407 3766; x_wconf 82' lang='lat' dir='ltr'><strong>prdmisi</strong></span> <span class='ocrx_word' id='word_1_197' title='bbox 437 3703 498 3767; x_wconf 84' lang='lat' dir='ltr'><strong>ego</strong></span> <span class='ocrx_word' id='word_1_198' title='bbox 521 3679 596 3746; x_wconf 90' lang='lat' dir='ltr'><strong>illis.</strong></span> <span class='ocrx_word' id='word_1_199' title='bbox 620 3683 773 3748; x_wconf 79' lang='lat' dir='ltr'><strong>Promisti</strong></span> <span class='ocrx_word' id='word_1_200' title='bbox 804 3682 937 3750; x_wconf 82' lang='lat' dir='ltr'><strong>autem?</strong></span> <span class='ocrx_word' id='word_1_201' title='bbox 966 3684 1007 3748; x_wconf 77' lang='lat' dir='ltr'><strong>de</strong></span> <span class='ocrx_word' id='word_1_202' title='bbox 1029 3693 1061 3749; x_wconf 89' lang='lat' dir='ltr'><strong>te</strong></span> <span class='ocrx_word' id='word_1_203' title='bbox 1083 3682 1229 3769; x_wconf 75' lang='lat' dir='ltr'><strong>largiter,</strong></span> <span class='ocrx_word' id='word_1_204' title='bbox 1253 3680 1354 3769; x_wconf 70' lang='lat' dir='ltr'><strong>puer!</strong></span> 
     </span>
     <span class='ocr_line' id='line_1_27' title="bbox 165 3775 1168 3861; baseline 0.005 -4"><span class='ocrx_word' id='word_1_205' title='bbox 165 3793 340 3860; x_wconf 85' lang='lat' dir='ltr'><strong>Praeterea</strong></span> <span class='ocrx_word' id='word_1_206' title='bbox 363 3802 440 3858; x_wconf 88' lang='lat' dir='ltr'><strong>ante</strong></span> <span class='ocrx_word' id='word_1_207' title='bbox 461 3793 483 3858; x_wconf 94' lang='lat' dir='ltr'>h</span> <span class='ocrx_word' id='word_1_208' title='bbox 506 3804 618 3859; x_wconf 79' lang='lat' dir='ltr'><strong>exstat</strong></span> <span class='ocrx_word' id='word_1_209' title='bbox 639 3793 770 3860; x_wconf 91' lang='lat' dir='ltr'><strong>Phorm.</strong></span> <span class='ocrx_word' id='word_1_210' title='bbox 797 3793 876 3861; x_wconf 80' lang='lat'><strong>152:</strong></span> <span class='ocrx_word' id='word_1_211' title='bbox 1030 3779 1032 3788; x_wconf 25' lang='grc' dir='ltr'>Ι</span> <span class='ocrx_word' id='word_1_212' title='bbox 1062 3779 1065 3786; x_wconf 47' lang='grc'><strong>’</strong></span> <span class='ocrx_word' id='word_1_213' title='bbox 1095 3777 1100 3788; x_wconf 55' lang='grc'>’</span> <span class='ocrx_word' id='word_1_214' title='bbox 1162 3775 1168 3788; x_wconf 49' lang='grc'><strong><em>”</em></strong></span> 
     </span>
    </p>

    <p class='ocr_par' dir='ltr' id='par_1_7' title="bbox 165 3902 1354 4220">
     <span class='ocr_line' id='line_1_28' title="bbox 205 3902 1285 3994; baseline 0 -24"><span class='ocrx_word' id='word_1_215' title='bbox 205 3957 207 3964; x_wconf 85' lang='lat'><strong>.</strong></span> <span class='ocrx_word' id='word_1_216' title='bbox 226 3902 322 3991; x_wconf 81' lang='lat' dir='ltr'><strong>‘puer</strong></span> <span class='ocrx_word' id='word_1_217' title='bbox 343 3905 426 3971; x_wconf 78' lang='lat' dir='ltr'><strong>heire</strong></span> <span class='ocrx_word' id='word_1_218' title='bbox 451 3955 458 3969; x_wconf 94' lang='lat'><strong>.</strong></span> <span class='ocrx_word' id='word_1_219' title='bbox 483 3930 601 3973; x_wconf 89' lang='lat' dir='ltr'><strong>nemon</strong></span> <span class='ocrx_word' id='word_1_220' title='bbox 624 3906 688 3974; x_wconf 88' lang='lat' dir='ltr'><strong>boe</strong></span> <span class='ocrx_word' id='word_1_221' title='bbox 711 3908 845 3993; x_wconf 77' lang='lat' dir='ltr'><strong>prodit?</strong></span> <span class='ocrx_word' id='word_1_222' title='bbox 875 3930 967 3994; x_wconf 78' lang='lat' dir='ltr'><strong>cape,</strong></span> <span class='ocrx_word' id='word_1_223' title='bbox 992 3907 1035 3972; x_wconf 88' lang='lat' dir='ltr'><strong>da</strong></span> <span class='ocrx_word' id='word_1_224' title='bbox 1057 3907 1120 3972; x_wconf 91' lang='lat' dir='ltr'><strong>hoc</strong></span> <span class='ocrx_word' id='word_1_225' title='bbox 1143 3903 1285 3971; x_wconf 69' lang='lat' dir='ltr'><strong>Ddrcio?</strong></span> 
     </span>
     <span class='ocr_line' id='line_1_29' title="bbox 165 4015 1354 4107; baseline 0.003 -27"><span class='ocrx_word' id='word_1_226' title='bbox 165 4015 237 4081; x_wconf 88' lang='lat' dir='ltr'><strong>Iam</strong></span> <span class='ocrx_word' id='word_1_227' title='bbox 271 4019 298 4081; x_wconf 88' lang='lat' dir='ltr'><strong>si</strong></span> <span class='ocrx_word' id='word_1_228' title='bbox 320 4028 510 4104; x_wconf 85' lang='lat' dir='ltr'><strong>reputamus</strong></span> <span class='ocrx_word' id='word_1_229' title='bbox 543 4019 624 4085; x_wconf 91' lang='lat' dir='ltr'><strong>nihil</strong></span> <span class='ocrx_word' id='word_1_230' title='bbox 659 4020 700 4087; x_wconf 92' lang='lat' dir='ltr'><strong>de</strong></span> <span class='ocrx_word' id='word_1_231' title='bbox 731 4024 840 4107; x_wconf 89' lang='lat' dir='ltr'><strong>priseo</strong></span> <span class='ocrx_word' id='word_1_232' title='bbox 863 4020 920 4086; x_wconf 94' lang='lat' dir='ltr'><strong>illo</strong></span> <span class='ocrx_word' id='word_1_233' title='bbox 943 4019 1097 4085; x_wconf 86' lang='lat' dir='ltr'><strong>vocativo</strong></span> <span class='ocrx_word' id='word_1_234' title='bbox 1121 4019 1211 4105; x_wconf 87' lang='lat' dir='ltr'><strong>apud</strong></span> <span class='ocrx_word' id='word_1_235' title='bbox 1233 4019 1354 4084; x_wconf 78' lang='lat' dir='ltr'><strong>&#39;deren-</strong></span> 
     </span>
     <span class='ocr_line' id='line_1_30' title="bbox 165 4127 1354 4220; baseline 0.003 -29"><span class='ocrx_word' id='word_1_236' title='bbox 165 4127 247 4193; x_wconf 91' lang='lat' dir='ltr'><strong>tium</strong></span> <span class='ocrx_word' id='word_1_237' title='bbox 283 4130 413 4196; x_wconf 86' lang='lat' dir='ltr'><strong>tradere</strong></span> <span class='ocrx_word' id='word_1_238' title='bbox 455 4135 689 4218; x_wconf 86' lang='lat' dir='ltr'><strong>grammaticos</strong></span> <span class='ocrx_word' id='word_1_239' title='bbox 726 4156 831 4220; x_wconf 88' lang='lat' dir='ltr'><strong>neque</strong></span> <span class='ocrx_word' id='word_1_240' title='bbox 868 4133 1076 4202; x_wconf 81' lang='lat' dir='ltr'><strong>librariorum</strong></span> <span class='ocrx_word' id='word_1_241' title='bbox 1114 4133 1245 4198; x_wconf 86' lang='lat' dir='ltr'><strong>inscitia</strong></span> <span class='ocrx_word' id='word_1_242' title='bbox 1283 4135 1354 4196; x_wconf 87' lang='lat' dir='ltr'><strong>cius</strong></span> 
     </span>
    </p>
   </div>
   <div class='ocr_carea' id='block_1_6' title="bbox 166 4336 1355 4576">
    <p class='ocr_par' dir='ltr' id='par_1_8' title="bbox 166 4336 1355 4576">
     <span class='ocr_line' id='line_1_31' title="bbox 273 4336 1352 4406; baseline -0.004 -18"><span class='ocrx_word' id='word_1_243' title='bbox 273 4337 305 4405; x_wconf 81' lang='lat'><strong>¹³)</strong></span> <span class='ocrx_word' id='word_1_244' title='bbox 323 4336 488 4390; x_wconf 87' lang='lat' dir='ltr'><strong>Ritschelius</strong></span> <span class='ocrx_word' id='word_1_245' title='bbox 511 4338 610 4389; x_wconf 87' lang='lat' dir='ltr'><strong>Pseud.</strong></span> <span class='ocrx_word' id='word_1_246' title='bbox 635 4338 685 4390; x_wconf 79' lang='lat'><strong>252</strong></span> <span class='ocrx_word' id='word_1_247' title='bbox 709 4341 791 4391; x_wconf 83' lang='lat' dir='ltr'><strong>etiam</strong></span> <span class='ocrx_word' id='word_1_248' title='bbox 815 4344 908 4390; x_wconf 85' lang='lat' dir='ltr'><strong>contra</strong></span> <span class='ocrx_word' id='word_1_249' title='bbox 935 4338 1042 4389; x_wconf 86' lang='lat' dir='ltr'><strong>codices</strong></span> <span class='ocrx_word' id='word_1_250' title='bbox 1067 4339 1175 4406; x_wconf 86' lang='lat' dir='ltr'><strong>scripsit</strong></span> <span class='ocrx_word' id='word_1_251' title='bbox 1199 4353 1260 4387; x_wconf 87' lang='lat' dir='ltr'><strong>eum</strong></span> <span class='ocrx_word' id='word_1_252' title='bbox 1285 4336 1352 4385; x_wconf 87' lang='lat' dir='ltr'><strong>Her-</strong></span> 
     </span>
     <span class='ocr_line' id='line_1_32' title="bbox 166 4419 1355 4490; baseline -0.003 -16"><span class='ocrx_word' id='word_1_253' title='bbox 166 4437 264 4475; x_wconf 81' lang='lat' dir='ltr'><strong>manno</strong></span> <span class='ocrx_word' id='word_1_254' title='bbox 281 4419 367 4476; x_wconf 82' lang='lat' dir='ltr'><strong>‘vorte</strong></span> <span class='ocrx_word' id='word_1_255' title='bbox 384 4421 437 4474; x_wconf 75' lang='lat' dir='ltr'><strong>hac</strong></span> <span class='ocrx_word' id='word_1_256' title='bbox 453 4429 481 4474; x_wconf 92' lang='lat' dir='ltr'><strong>te</strong></span> <span class='ocrx_word' id='word_1_257' title='bbox 493 4420 568 4490; x_wconf 75' lang='lat' dir='ltr'><strong>puer.</strong></span> <span class='ocrx_word' id='word_1_258' title='bbox 586 4423 646 4475; x_wconf 83' lang='lat' dir='ltr'><strong>Non</strong></span> <span class='ocrx_word' id='word_1_259' title='bbox 656 4423 721 4475; x_wconf 75' lang='lat' dir='ltr'><strong>licet</strong></span> <span class='ocrx_word' id='word_1_260' title='bbox 730 4421 858 4490; x_wconf 86' lang='lat' dir='ltr'><strong>conloqui</strong></span> <span class='ocrx_word' id='word_1_261' title='bbox 874 4423 909 4475; x_wconf 84' lang='lat' dir='ltr'><strong>te’</strong></span> <span class='ocrx_word' id='word_1_262' title='bbox 922 4430 950 4474; x_wconf 88' lang='lat' dir='ltr'><strong>et</strong></span> <span class='ocrx_word' id='word_1_263' title='bbox 961 4424 1089 4476; x_wconf 79' lang='lat' dir='ltr'><strong>Goetnius</strong></span> <span class='ocrx_word' id='word_1_264' title='bbox 1101 4425 1184 4476; x_wconf 88' lang='lat' dir='ltr'><strong>Mero.</strong></span> <span class='ocrx_word' id='word_1_265' title='bbox 1203 4423 1253 4474; x_wconf 81' lang='lat' dir='ltr'><strong>eat</strong></span> <span class='ocrx_word' id='word_1_266' title='bbox 1269 4422 1355 4471; x_wconf 85' lang='lat' dir='ltr'><strong>libros</strong></span> 
     </span>
     <span class='ocr_line' id='line_1_33' title="bbox 166 4503 1029 4576; baseline 0.001 -16"><span class='ocrx_word' id='word_1_267' title='bbox 166 4515 276 4560; x_wconf 83' lang='lat' dir='ltr'><strong>secutus</strong></span> <span class='ocrx_word' id='word_1_268' title='bbox 292 4503 376 4575; x_wconf 83' lang='lat' dir='ltr'><strong>‘puer’</strong></span> <span class='ocrx_word' id='word_1_269' title='bbox 396 4511 525 4572; x_wconf 79' lang='lat' dir='ltr'><strong>exaravit,</strong></span> <span class='ocrx_word' id='word_1_270' title='bbox 545 4524 708 4576; x_wconf 87' lang='lat' dir='ltr'><strong>quamquam</strong></span> <span class='ocrx_word' id='word_1_271' title='bbox 726 4510 853 4564; x_wconf 82' lang='lat' dir='ltr'><strong>blittero</strong></span> <span class='ocrx_word' id='word_1_272' title='bbox 871 4510 1029 4576; x_wconf 85' lang='lat' dir='ltr'><strong>insequitur.</strong></span> 
     </span>
    </p>
   </div>
   <div class='ocr_carea' id='block_1_7' title="bbox 218 4615 1215 4679">
    <p class='ocr_par' dir='ltr' id='par_1_9' title="bbox 218 4615 1215 4679">
     <span class='ocr_line' id='line_1_34' title="bbox 218 4615 1215 4679; baseline 0.005 -11"><span class='ocrx_word' id='word_1_273' title='bbox 218 4626 662 4679; x_wconf 65' lang='lat' dir='ltr'><strong>morelineis,studuissent-re.</strong></span> <span class='ocrx_word' id='word_1_274' title='bbox 1197 4615 1215 4664; x_wconf 75' lang='lat'><strong>2</strong></span> 
     </span>
    </p>
   </div>
   <div class='ocr_carea' id='block_1_8' title="bbox 0 0 1684 5188">
    <p class='ocr_par' dir='ltr' id='par_1_10' title="bbox 0 0 1684 5188">
     <span class='ocr_line' id='line_1_35' title="bbox 0 0 1684 5188; baseline 0 0"><span class='ocrx_word' id='word_1_275' title='bbox 0 0 1684 5188; x_wconf 95' lang='lat' dir='ltr'><strong> </strong></span> 
     </span>
    </p>
   </div>
  </div>
 </body>
</html>
