3360 5188
341 1699 514 1783 Sermonis
531 1713 720 1778 Terentiani
734 1714 911 1798 puritatem
928 1712 1079 1778 omnibus
1093 1713 1295 1798 temporibus
1312 1717 1424 1800 magni

235 1827 447 1892 aestimatam
481 1846 555 1889 esse
584 1832 616 1888 et
640 1821 874 1889 Oasaubonum
910 1845 967 1889 suo
1002 1826 1072 1889 iure
1106 1823 1282 1905 dixisse¹):
1312 1822 1422 1892 ‘nemo

236 1940 339 2004 latine
361 1937 513 2022 loquetur
534 1936 628 2020 bene,
653 1937 708 2021 qui
723 1936 911 2002 Terentium
934 1958 999 2002 non
1023 1933 1234 2020 contriverit',
1259 1937 1303 2002 ad
1325 1960 1426 2003 unum

237 2071 352 2114 omnes
375 2049 492 2133 opinor
515 2047 708 2114 concedunt.
732 2047 889 2113 Attamen
912 2056 987 2112 sunt
1017 2051 1073 2134 qui
1096 2047 1283 2114 comoedias
1307 2049 1427 2114 Teren-

237 2164 346 2225 tianas
376 2159 530 2225 obsoletis
561 2159 736 2225 verborum
765 2159 878 2226 formis
915 2168 947 2224 et
977 2161 1095 2246 priscis
1125 2181 1246 2226 vocum
1275 2162 1427 2226 termina·

236 2273 383 2340 tionibus
405 2271 541 2358 implere
564 2280 689 2337 certent
712 2281 744 2336 et
767 2271 856 2357 quod
877 2271 995 2336 Plauto
1018 2270 1253 2336 vindicandum
1276 2294 1347 2336 esse
1363 2273 1425 2336 viri

237 2386 327 2450 docti
350 2392 544 2464 statuerunt,
569 2384 657 2449 idem
671 2384 825 2449 Terentio
843 2382 1021 2448 attribuere
1043 2404 1111 2447 non
1134 2381 1293 2448 dubitent.
1316 2381 1426 2469 Atque

235 2497 384 2562 eiusdem
407 2495 507 2561 studii
522 2495 808 2581 reprehensionem
825 2494 877 2561 vel
899 2517 1045 2560 summus
1060 2494 1228 2559 Bentleius
1244 2495 1301 2560 vix
1316 2504 1426 2579 potest

236 2609 398 2692 effugere,
430 2609 485 2694 qui
520 2609 651 2692 saepius
678 2607 802 2672 formas
830 2615 980 2672 vetustas
1009 2628 1029 2671 a
1057 2607 1224 2690 magistris
1252 2629 1429 2692 puerorum

237 2742 341 2785 causa
355 2721 545 2786 immutatas
561 2717 689 2805 sibique
704 2720 864 2802 genuinas
879 2717 1099 2784 restituendas
1115 2741 1187 2787 esse
1204 2720 1356 2804 opinatus
1374 2721 1424 2800 sit,

237 2841 354 2898 contra
382 2841 492 2897 autem
514 2831 637 2896 formas
665 2833 737 2916 ipso
761 2829 844 2896 libro
868 2829 1028 2896 Bembino
1064 2830 1301 2916 suppeditatas,
1325 2830 1426 2895 veluti

232 2942 414 3028 ‘necessus
438 2944 528 3009 hisce
554 2945 652 3024 (nom.
677 2943 773 3029 plur.)
800 2939 892 3027 sim.',
916 2952 1050 3029 apoeta
1073 2942 1319 3008 abiudicaverit.
1356 2942 1423 3008 His

239 3058 320 3143 ipsis
344 3066 454 3122 autem
478 3055 592 3122 diebus
617 3057 672 3142 qui
690 3051 891 3140 ‘Epistulam
905 3051 1099 3121 Plautinam'
1117 3055 1191 3142 plus
1213 3077 1277 3120 uno
1294 3055 1426 3120 nomine

239 3190 325 3254 quae
346 3168 476 3254 legatur
506 3167 640 3252 dignam
667 3169 804 3232 inseruit
838 3167 923 3232 Mus.
958 3166 1061 3232 Rhen.
1095 3165 1277 3234 XXXVIII
1311 3161 1425 3251 (1883)

239 3280 295 3358 Er.
319 3280 388 3344 Leo
407 3275 583 3345 ‘abaetere'
608 3302 676 3345 non
692 3281 800 3361 magis
822 3278 959 3344 verbum
979 3279 1167 3345 Plautinum
1189 3300 1288 3364 quam
1311 3279 1431 3345 Teren·

238 3393 366 3456 tianum
382 3413 454 3456 esse
470 3392 584 3456 statuit
601 3389 646 3476 (p.
663 3388 729 3476 24).
743 3389 838 3471 Quae
852 3393 936 3456 ratio
954 3413 1052 3477 quam
1063 3390 1250 3478 periculosa
1262 3393 1313 3476 sit,
1330 3411 1429 3456 unus·

239 3503 378 3590 quisque
395 3504 506 3568 statim
521 3502 696 3587 intelleget,
714 3505 769 3589 qui
784 3511 939 3569 accurate
954 3504 1125 3587 pensitatis
1137 3504 1188 3586 iis,
1206 3525 1289 3590 quae
1303 3512 1427 3569 veteres

238 3616 305 3701 ipsi
336 3615 377 3680 de
400 3614 533 3680 Terenti
562 3614 691 3679 dicendi
721 3637 840 3700 genere
868 3615 1105 3700 iudicaverunt,
1140 3616 1264 3681 formas
1298 3616 1427 3701 priscas

239 3739 261 3794 a
285 3728 438 3793 Terentio
470 3725 635 3792 adhibitas
660 3748 773 3792 omnes
802 3726 971 3812 collegerit
998 3728 1219 3814 collectasque
1241 3729 1428 3794 accuratius

240 3839 499 3924 perlustraverit.
539 3839 681 3905 Tantum
711 3842 798 3905 enim
827 3840 923 3906 abest
956 3849 992 3908 61
1022 3843 1210 3908 Terentium
1238 3841 1301 3907 hac
1329 3843 1364 3906 in
1393 3866 1429 3909 re

241 3951 350 4016 Plauti
366 3953 563 4016 imitatorem
579 3951 872 4038 deprehendamus,
896 3963 933 4020 61
956 3976 1028 4019 eum
1051 3955 1086 4019 in
1100 3955 1289 4020 universum
1303 3954 1427 4021 formas

241 4063 394 4147 volgares
432 4074 464 4129 61
496 4066 648 4146 16611666,
687 4087 771 4152 quae
805 4045 1007 4152 plerumque
1033 4066 1161 4151 priscae
1199 4089 1272 4134 esse
1311 4067 1426 4150 solent,

241 4178 407 4260 respuisse
440 4177 493 4242 vel
527 4186 614 4243 certe
648 4201 715 4244 non
748 4181 818 4245 sine
846 4191 953 4246 'causa
983 4178 1173 4245 adhibuisse
1205 4179 1303 4246 facile
1330 4178 1428 4244 nobis

242 4289 509 4374 persuadeamus.

277 4485 282 4492 ’
348 4506 366 4570 ¹)
386 4503 543 4558 6161661.
562 4523 651 4574 gymn.
669 4507 788 4560 6616111.
807 4507 938 4572 111611)
958 4509 1009 4558 rm
1033 4507 1094 4560 aen.
1113 4510 1138 4564 a.

1275 4609 1313 4660 lli·
