3360 5188
728 490 921 554 -.7-

313 680 398 746 Eam
420 679 554 747 laudem
575 678 628 744 hic
652 679 744 744 ducit
766 701 967 763 maxumam,
992 702 1066 746 cum
1089 679 1154 747 illis
1178 682 1296 768 placet,

316 791 380 874 Qui
401 792 497 859 vobis
520 793 680 857 universis
704 801 737 858 et
760 792 883 877 populo
907 792 1050 879 placent,

316 905 461 987 Quorum
486 929 585 992 opera
608 908 643 971 in
664 904 763 990 belle,
788 905 821 970 in
846 906 922 991 1111,
945 909 980 972 11
1001 907 1133 991 negotio

315 1016 382 1084 Suo
406 1020 543 1105 quisque
566 1026 714 1104 tempore
737 1039 817 1082 usus
840 1017 985 1084 estsine
1008 1016 1180 1104 superbia?

212 1129 418 1196 Hautontim.
442 1128 524 1214 prol.
547 1153 578 1194 v.
603 1127 644 1192 22
669 1151 757 1215 sqq.:

343 1237 439 1308 ‘Tum
464 1240 552 1327 quod
574 1240 756 1307 malevolus
778 1250 873 1306 vetus
896 1249 996 1326 poeta
1019 1241 1159 1328 dictitat,

333 1353 480 1441 Repente
504 1352 546 1419 ad
569 1353 714 1418 studium
736 1352 823 1418 hunc
848 1374 882 1417 se
905 1353 1091 1439 applicasse
1113 1356 1275 1422 musicum

333 1465 486 1532 Amicum
508 1467 639 1551 ingenio
663 1466 792 1548 fretum,
815 1464 906 1531 haud
927 1474 1046 1531 natura
1069 1463 1147 1532 sua?

211 1577 285 1658 Qua
308 1577 348 1642 de
378 1601 413 1643 re
435 1576 539 1642 multa
568 1577 737 1663 disputata
768 1585 843 1642 sunt
872 1584 905 1641 et
926 1599 1031 1664 nuper
1052 1578 1197 1644 Ioannes
1218 1578 1400 1646 Vahlenius

212 1688 342 1770 (Annal.
367 1689 515 1755 academ.
537 1688 646 1755 Berol.
672 1687 756 1752 1816
790 1710 823 1773 p.
848 1686 910 1750 797
935 1689 997 1774 sq.)
1029 1693 1135 1755 totam
1156 1713 1226 1756 rem
1247 1691 1400 1758 fictame

210 1801 338 1869 duobus
361 1801 426 1868 illis
450 1801 660 1887 prologorum
682 1801 765 1866 locis
789 1823 861 1866 esse
876 1800 1102 1868 demonstrare
1118 1801 1311 1869 conabatur.
1334 1803 1401 1870 Sed

210 1914 288 1980 licet
310 1913 512 1980 concedatur
545 1936 611 1997 eos,
647 1915 701 1999 qui
734 1913 776 1980 de
810 1912 873 1977 hac
905 1935 942 1979 re
974 1912 1078 1978 verba
1107 1914 1235 1980 faciunt
1263 1939 1400 2002 eamque

210 2031 344 2092 nostrae
366 2025 544 2091 memoriae
575 2024 790 2108 tradiderunt,
818 2023 899 2089 nihil
930 2023 1020 2090 aliud
1048 2025 1203 2092 habuisse
1233 2028 1401 2114 cognitum

210 2138 273 2202 1111
293 2137 380 2224 quod
391 2160 453 2203 nos
467 2158 596 2223 quoque
610 2139 628 2202 e
640 2135 770 2202 duobus
784 2136 848 2202 illis
862 2137 1074 2223 prologorum
1088 2139 1172 2205 11111
1183 2140 1399 2207 coniectando

210 2271 386 2335 possumus
403 2251 542 2333 efficere,
565 2258 675 2315 tamen
690 2249 724 2314 hi
740 2249 806 2315 loci
823 2250 887 2335 ipsi
903 2272 972 2315 rem
989 2258 1058 2315 tam
1074 2260 1187 2336 aperte
1203 2253 1399 2336 significant,

209 2370 245 2426 ut
268 2361 419 2448 equidem
441 2362 581 2444 ingenue
604 2361 712 2427 fatear
739 2384 792 2426 me
822 2383 890 2427 non
920 2383 1019 2447 posse
1047 2363 1231 2448 amplexari
1256 2363 1397 2430 Vahleni

213 2475 420 2539 sententiam.
445 2471 597 2538 Ceterum
614 2473 773 2560 quidquid
790 2473 830 2538 de
847 2472 910 2538 hac
925 2496 961 2539 re
975 2472 1189 2541 iudicandum
1207 2483 1267 2560 111,
1285 2484 1400 2541 nostra

208 2585 435 2651 tantummodo
473 2585 573 2650 refert
610 2608 653 2650 ex
689 2584 753 2650 hoc
788 2607 918 2652 rumore
956 2586 1029 2652 luce
1063 2585 1186 2652 clarius
1215 2587 1400 2652 redundare

208 2695 1400 2782 TerentisermonemvelScipionibusetLaeliisdignum

209 2834 302 2876 esse
323 2809 527 2876 habitum.

311 2949 405 3013 Nunc
416 2947 598 3033 videamus,
616 2947 734 3034 quibus
749 2949 959 3033 potissimum
974 2948 1084 3015 causis
1101 2948 1258 3014 commoti
1272 2955 1399 3012 veteres

211 3060 345 3126 Terenti
368 3082 471 3144 genus
496 3059 627 3126 dicendi
648 3061 749 3126 tantis
773 3060 909 3125 efferant
930 3059 1097 3127 laudibus,

312 3172 363 3236 Ac
393 3170 520 3264 Cicero
539 3181 671 3257 praeter
698 3171 808 3238 locum
839 3193 939 3260 supra
967 3174 1034 3238 iam
1064 3171 1210 3256 allatum,
1242 3191 1307 3257 quo
1336 3168 1398 3234 ele-

208 3283 355 3367 gantiam
379 3286 539 3349 sermonis
561 3281 685 3368 laudat,
710 3284 743 3348 in
766 3284 906 3349 Limone
930 3283 1001 3369 (vit.
1024 3285 1098 3351 Ter.
1124 3305 1157 3370 p.
1180 3280 1232 3367 34,
1259 3282 1289 3362 1)
1315 3278 1397 3346 haec

209 3394 340 3460 habuit:

290 3503 355 3571 ‘Tu
379 3528 508 3593 quoque
532 3509 586 3593 qui
610 3505 699 3572 solus
723 3507 808 3573 lecto
834 3529 992 3591 sermone,
1015 3507 1173 3590 Terenti,

294 3615 498 3685 Conversum
521 3641 779 3706 expressumque
802 3619 906 3684 latina
928 3642 1012 3686 voce
1035 3618 1254 3684 Menandrum

293 3731 333 3796 11
354 3729 500 3797 medium
523 3729 620 3796 nobis
643 3730 767 3798 sedatis
789 3730 934 3797 motibus
958 3729 1089 3809 affers⁴t

294 3841 461 3924 Quiddam
484 3864 577 3907 come
599 3842 737 3928 loquens
762 3851 860 3929 atque
885 3844 994 3909 omnia
1017 3843 1127 3907 dulcia
1150 3836 1310 3907 miscens?

208 3952 268 4018 Oui
301 3955 409 4020 versui
443 3955 622 4021 novissimo
652 3976 749 4040 quem
780 3977 797 4018 e
823 3954 982 4022 Ritscheli
1016 3955 1209 4048 recensione
1243 3952 1394 4019 dedimus

206 4067 318 4132 nescio
342 4088 384 4131 an
406 4065 533 4150 melius,
557 4065 646 4152 quod
669 4065 801 4151 quidem
824 4065 866 4131 ad
889 4087 1021 4133 sensum
1044 4067 1170 4148 attinet,
1197 4065 1396 4149 consulatur,

208 4180 235 4242 si
261 4177 443 4243 scribamus
467 4200 542 4244 cum
567 4177 751 4244 codicibus:
1318 4186 1321 4192 '
1425 4153 1432 4166 ⁸

277 4285 459 4370 ‘Quiddam
481 4311 574 4357 come
595 4290 732 4376 loquens
755 4297 855 4374 atque
879 4291 988 4354 omnia
1011 4286 1119 4353 dulcia
1144 4285 1307 4354 dicens?

209 4439 414 4447 ———--—-

94 4509 96 4513 ’
191 4543 193 4546 -
310 4514 329 4580 ⁴)
346 4513 513 4564 Ritschelius
531 4514 560 4563 in
577 4513 648 4568 Mus.
665 4511 890 4580 Rhesfxvseaa
908 4527 956 4577 pro
973 4504 1079 4567 ‘effers’.
