3360 5188
28 4299 36 4374 t

629 492 842 556 ..43-

140 681 242 746 Rhen.
282 680 402 744 XXIX
440 678 548 764 [1874]
587 680 664 762 462)
705 683 805 748 facile
850 682 968 768 aliquis
1014 685 1165 770 opinetur
1201 684 1322 750 collato

141 793 243 859 Haut.
260 793 343 858 861:
365 789 515 858 ‘nimium
529 793 577 859 illi
592 792 762 879 indulges?
789 794 855 862 Sed
871 818 946 862 oum
962 797 1109 882 legamus
1125 796 1226 862 Haut.
1243 795 1305 860 988
1316 820 1330 860 a

136 903 182 972 ‘te
195 900 430 990 indulgebant,
448 906 504 970 ubi
515 927 611 972 nemo
623 909 749 990 peritus
762 909 862 973 etiam
872 904 925 974 ‘to'
945 908 1092 974 dativum
1105 908 1320 988 exstitisse²⁵)

141 1019 331 1100 contendat,
354 1019 453 1084 etiam
471 1015 544 1085 ‘me'
563 1018 583 1084 l.
607 1040 636 1084 c.
651 1022 877 1086 accusativum
900 1043 973 1086 esse
996 1032 1134 1108 apparet
1152 1023 1206 1102 (of.
1224 1022 1323 1088 etiam

141 1131 283 1196 Lorenz.
306 1130 375 1195 Mil.
401 1126 505 1210 1038).

584 1859 887 1937 VERBUM.

274 2068 294 2136 Ι.
318 2065 366 2136 tto
386 2065 507 2136 formis
531 2067 572 2135 at
597 2065 775 2137 vectorum
799 2066 926 2152 sttruos
949 2065 1203 2153 contuentibus.

248 2241 277 2306 1.
301 2239 413 2307 Verba
435 2263 493 2326 per
515 2240 635 2307 falsam
659 2249 694 2307 ut
709 2242 757 2306 ita
780 2239 888 2306 dicam
911 2240 1100 2325 analogiam
1123 2241 1228 2309 falsas
1251 2263 1327 2308 con-

144 2357 305 2442 iugationi
350 2353 510 2420 attributa
554 2353 643 2439 apud
688 2376 801 2418 omnes
840 2355 946 2418 omnis
991 2354 1107 2419 aetatis
1151 2343 1328 2438 scriptores

145 2471 351 2554 reperiuntur
367 2468 422 2549 (cf.
438 2467 530 2532 Neue
545 2467 593 2532 Π2
608 2465 673 2530 415
690 2471 773 2553 sqq.)
791 2475 823 2531 et
837 2466 965 2530 formae
977 2461 1135 2531 ‘exorere'
1154 2464 1238 2531 Hoc.
1254 2464 1327 2546 213,

142 2577 264 2648 ‘oritur'
300 2581 344 2648 ib.
376 2579 441 2644 224
474 2581 572 2644 etiam
605 2586 722 2663 postea
756 2579 846 2644 solae
880 2580 913 2644 in
947 2600 1009 2643 usu
1043 2577 1182 2643 fuerunt.
1228 2576 1329 2661 Apud

147 2695 335 2760 Terentium
357 2691 526 2776 leguntur:

147 2806 209 2872 Ad.
233 2803 314 2869 534:
333 2801 422 2870 ‘oum
445 2804 542 2868 fervit
564 2797 715 2866 maxime'
743 2801 786 2881 (A
809 2810 841 2866 et
856 2801 989 2884 Donat,
1013 2800 1121 2882 Prob.,
1144 2801 1334 2884 Priscian),

147 2917 246 2983 Haut.
271 2914 352 2980 899:
371 2912 422 2980 ‘ot
443 2938 484 2980 ne
507 2913 678 3001 paululum
701 2913 832 2999 quidem
857 2912 987 2979 subolat
1003 2914 1075 2978 esse
1091 2913 1231 2978 amicam
1246 2912 1333 2978 hano

375 3023 508 3092 Cliniae'
537 3025 609 3108 (sed
630 3025 761 3090 Phorm.
784 3023 862 3090 474:
887 3021 1060 3111 ‘numquid
1082 3025 1168 3109 patri
1191 3021 1327 3090 subolet

377 3139 497 3224 [codd.‚
520 3138 619 3221 Don,
643 3137 757 3221 Prisc]
781 3148 814 3204 et
835 3139 898 3204 Ad.
924 3133 1003 3200 117:
1023 3133 1104 3200 ‘olet
1126 3133 1330 3222 unguenta’),

147 3238 296 3332 1114031
315 3251 483 3339 ‘quisnam
515 3253 569 3318 hio
593 3253 786 3318 adulescens
811 3253 870 3333 est,
906 3253 960 3336 qui
983 3252 1120 3316 intuitur
1152 3249 1238 3316 nos?
1266 3248 1330 3332 Ah,

316 3367 418 3430 retine
441 3387 505 3445 me,
529 3361 688 3447 obsecro',

147 3477 211 3544 Ad.
236 3476 316 3541 871:
336 3474 478 3542 ‘odiumz
493 3475 548 3541 ille
564 3476 647 3540 alter
660 3477 728 3541 sine
744 3473 858 3539 labore
874 3475 982 3561 patria
998 3483 1121 3560 potitur
1137 3469 1329 3554 commoda,

146 3589 188 3655 ib.
215 3588 293 3654 876:
313 3585 535 3654 ⁹..miseriam
559 3611 688 3656 omnem
703 3610 764 3673 ego
789 3589 895 3673 capio,
918 3587 971 3652 hio
994 3595 1118 3672 potitur
1140 3582 1281 3669 gaudia’,
1332 3649 1339 3662 ,

148 3701 254 3787 (Sulp.
279 3699 391 3786 Apoll.
419 3724 486 3786 per.
509 3699 573 3766 Ad.
599 3700 655 3764 12:
689 3696 850 3785 ‘vitiatam
888 3708 1011 3784 potitur
1041 3696 1197 3784 Ctesipho
1232 3678 1335 3763 citha)

225 3887 226 3892 γ
306 3810 482 3894 sistriam'),

149 3924 280 3991 Phorm.
304 3921 385 3988 469:
404 3919 540 4009 ‘ne'quid
574 3933 707 4009 propter
741 3925 830 3988 tuam
863 3922 963 3988 fidem
997 3922 1136 4006 decepta
1171 3922 1338 4005 poteretur

303 4032 405 4118 mali,
1329 4102 1335 4111 „

150 4145 193 4214 ib.
218 4147 303 4214 830:
322 4143 450 4212 ‘curavi
472 4149 607 4232 propria
630 4157 666 4212 ut
688 4145 854 4212 Phaedria
877 4146 1064 4234 poteretur:
1088 4165 1167 4208 nam
1189 4127 1340 4208 emissast
1401 4165 1403 4169 ·

321 4253 428 4324 manu'
464 4254 657 4342 (‘potiretur'
687 4259 810 4324 BDEF
839 4267 873 4325 et
901 4257 943 4321 cf.
966 4255 1133 4320 Dzietzko
1157 4254 1201 4319 ad
1224 4253 1255 4318 h.
1278 4255 1335 4334 v.).'

153 4377 356 4387 --·--—-——

256 4427 291 4498 ²⁵)
311 4430 359 4484 eff.
378 4431 460 4480 etiam
479 4429 631 4494 Wagnerus
650 4435 677 4480 et
697 4429 830 4480 Dziatnko
841 4427 994 4480 adPhorm.
1014 4427 1076 4476 180:
1094 4419 1180 4476 ‘tanta
1198 4430 1224 4475 te
1238 4426 1339 4490 impen-

153 4517 215 4568 dent
233 4509 323 4572 mala'.
1332 4512 1339 4536 ⁵
