3360 5188
777 435 991 500 „55-

293 622 460 691 Bentleius
484 622 529 687 ad
550 623 649 688 Haut.
674 619 758 710 924,
793 624 994 689 contradixit
1027 633 1136 689 autem
1164 624 1312 690 Neueum
1334 625 1355 691 l.
1378 648 1407 690 c.
1432 649 1479 691 se·

292 743 386 800 cutus
408 735 575 800 Dniatzko
600 735 644 800 ad
664 734 729 801 Ad.
750 734 822 799 717.
845 735 895 800 Ac
919 757 1117 822 quamquam
1138 737 1191 801 vel
1214 736 1245 801 A
1268 736 1396 804 duobus
1409 745 1479 802 tan·

292 856 362 913 tum
383 847 466 913 locis
492 846 634 928 (Phorm.
658 846 731 930 582,
770 847 846 928 642)
872 852 941 913 eius
964 849 1055 914 modi
1076 849 1200 914 formas
1224 851 1384 933 servavit,
1423 871 1479 914 eas

294 959 345 1024 his
368 959 449 1025 locis
471 963 658 1026 necessario
682 961 892 1046 requirimus:

291 1072 375 1136 Eun.
401 1069 500 1136 1004:
519 1069 612 1137 ‘mihi
630 1073 718 1136 sblae
733 1072 873 1138 ridicule
889 1073 958 1156 suit,
983 1073 1161 1158 quecquid
1183 1076 1312 1138 timeret
1335 1068 1479 1153 scibam',

291 1182 391 1247 Haut.
415 1180 495 1245 309:
515 1179 576 1248 ‘ita
599 1185 701 1247 timui.
724 1182 771 1248 At
792 1205 853 1267 ego
876 1183 957 1249 nihil
981 1186 1052 1249 esse
1076 1185 1212 1267 scibam,
1236 1181 1361 1268 Clinia,

295 1294 426 1360 Phorm.
449 1295 529 1360 582:
549 1292 706 1361 rscibam:
729 1295 784 1361 ille
808 1299 835 1360 si
858 1319 910 1361 me
933 1297 1058 1362 alienus
1082 1297 1224 1363 adfinem
1246 1293 1354 1380 volet,

294 1408 378 1484 Hec.
402 1409 484 1492 prol.
510 1407 566 1471 16:
590 1406 681 1494 ‘quia
705 1408 830 1475 scibam
857 1410 991 1475 dubiam
1012 1411 1177 1475 fcrtunam
1199 1431 1271 1474 esse
1287 1405 1477 1476 scaenicam'

449 1519 533 1601 (AG
557 1521 736 1605 deficiunt),

296 1633 381 1696 Eun.
405 1629 483 1696 700:
510 1629 610 1698 ‘unde
637 1636 738 1717 igitur
759 1634 895 1700 fratrem
916 1635 1027 1698 mc'um
1049 1657 1121 1699 esse
1145 1633 1277 1699 scibas?
1298 1629 1479 1713 Parmenc',

295 1745 425 1810 Phorm.
448 1742 527 1808 529:
561 1741 653 1809 ‘nam
674 1745 726 1810 hie
750 1768 802 1810 me
824 1746 920 1811 huius
943 1747 1032 1812 modi
1056 1745 1162 1810 scibat
1185 1767 1276 1811 esse:
1310 1767 1371 1829 ego
1395 1744 1481 1809 hirnc

450 1879 523 1921 esse
547 1855 642 1922 aliter
664 1853 810 1939 credidi,

293 1969 377 2034 Eun.
396 1969 473 2034 113:
493 1967 612 2055 ‘neque
636 1968 743 2034 scibat
764 1992 870 2055 neque
901 1992 960 2054 per
983 1973 1125 2036 aetatem
1149 1971 1247 2034 etiam
1278 1971 1366 2054 petis
1391 1963 1480 2051 erat',

294 2080 338 2146 ib.
364 2080 441 2144 155:
461 2079 532 2146 ‘aut
553 2085 616 2165 ego
639 2081 818 2164 nescibam,
843 2083 998 2167 qubrsum
1020 2091 1055 2146 tu
1078 2081 1166 2146 ires?
1189 2077 1352 2166 parvola,-

293 2192 337 2258 ib.
363 2192 441 2257 736:
461 2191 547 2275 ‘eh0‚
570 2196 678 2258 ndnne
701 2193 736 2257 id
758 2203 809 2257 sat
832 2193 925 2258 erat?
948 2199 982 2258 tt
1003 2191 1174 2258 nescibam
1195 2193 1229 2256 id
1252 2193 1360 2257 dicere
1381 2191 1481 2276 illam,

295 2271 302 2300 ‹
447 2307 510 2370 nisi
531 2302 628 2390 quia',

300 2417 346 2482 ib.
370 2416 448 2480 642:
467 2414 502 2482 ‘a
523 2420 628 2502 primo
652 2418 749 2482 homo
773 2417 950 2483 insanibat.
974 2414 1065 2482 Cedo
1091 2416 1169 2502 quid
1191 2411 1356 2500 pustulat,

301 2528 404 2593 Andr.
428 2529 485 2594 38:
505 2526 693 2615 ‘propterea
716 2530 804 2615 quod
828 2528 975 2594 servibas
998 2524 1196 2609 liberaliter,

304 2648 368 2714 Ad.
384 2646 639 2734 5612‘prtduxe
655 2633 771 2714 aibas?
786 2651 941 2715 Factum:
965 2671 1079 2714 verum
1099 2651 1189 2714 venit
1204 2659 1280 2735 post
1294 2644 1481 2731 insaniens,

297 2778 400 2845 Andr.
423 2778 505 2842 932:
531 2769 624 2864 ‘quid
647 2783 720 2843 eam
742 2779 834 2844 tum?
858 2801 992 2844 suamne
1015 2802 1087 2844 esse
1111 2761 1223 2844 aibat?
1256 2781 1341 2845 Non.
1365 2776 1483 2842 Cuiam

324 2892 327 2898 '
448 2889 571 2974 igitur?
594 2892 719 2955 Fratris
742 2887 865 2973 filiam,

294 3000 424 3066 Phorm.
448 3001 528 3066 480:
553 2999 802 3088 ‘mansurusque
835 3005 986 3088 patruom
1019 3011 1114 3088 pater
1147 3013 1205 3084 est,
1241 3003 1319 3068 dum
1339 3002 1403 3067 hirc
1426 3001 1483 3066 ad-

448 3132 567 3196 veniat.
592 3130 681 3212 Quid
710 3131 807 3196 eum?
844 3131 890 3197 Ut
911 3115 1023 3215 aibat',
1254 3109 1256 3114 Ι

297 3259 360 3324 Ad.
386 3257 464 3322 717:
483 3257 623 3325 ‘vidisse
646 3284 680 3326 se
701 3243 796 3326 aibat
812 3263 997 3347 quisquam.
1020 3283 1107 3325 nunc
1122 3263 1200 3326 verb
1218 3257 1326 3344 domi',

295 3385 398 3453 Andr.
421 3386 501 3452 534:
526 3387 666 3476 ‘aliqubt
686 3414 738 3456 me
762 3392 921 3475 adierunt,
956 3395 999 3458 ex
1032 3400 1064 3456 te
1087 3390 1234 3456 auditum
1270 3391 1325 3476 qui
1359 3372 1483 3474 aibant,

450 3502 547 3566 hodie
570 3499 693 3585 filiam',
1419 3569 1426 3576 ,

297 3628 428 3695 Phorm.
444 3629 524 3694 572:
544 3627 602 3696 ‘ad
623 3635 675 3698 me
690 3623 874 3716 profectam
889 3653 963 3699 esse
986 3613 1109 3697 aibant.
1134 3631 1223 3711 Quid
1245 3630 1293 3696 illi
1316 3635 1385 3696 tam
1408 3627 1483 3714 did,

297 3758 380 3824 Hec.
403 3758 483 3823 238:
518 3755 618 3824 ‘enim
640 3758 764 3826 lassam
780 3759 900 3846 oppidb
928 3769 998 3824 tum
1020 3782 1092 3826 esse
1115 3742 1245 3826 aibant:
1283 3783 1322 3825 eo
1346 3761 1389 3825 ad
1411 3783 1485 3824 eam

449 3893 516 3937 non
538 3872 684 3940 admissa
707 3869 794 3938 sum?

398 3981 474 4047 Huc
497 3992 574 4067 apte
596 3983 717 4050 referre
739 3983 817 4049 licet
839 3986 938 4049 etiam
964 3984 1047 4048 Hec.
1073 3981 1151 4046 172:
1185 3978 1335 4046 ‘horunc
1372 4005 1413 4048 ea
1441 3983 1485 4048 ad

297 4091 358 4156 hos
373 4092 502 4158 redibat
510 4091 552 4174 ³³)
564 4093 637 4177 lege
653 4092 824 4160 hereditas'
851 4093 961 4177 (codd.
980 4089 1149 4160 ‘rediebat'
1164 4089 1216 4178 ³⁴),
1240 4093 1404 4159 Fleckeis.
1423 4090 1486 4160 ‘re-

402 4289 433 4359 Η)
451 4291 528 4341 Haec
545 4292 632 4342 forma
648 4293 677 4342 in
694 4293 771 4342 verbi
795 4291 877 4343 eundi
895 4292 1050 4358 compositis
1074 4290 1133 4342 sola
1156 4292 1185 4342 in
1203 4306 1255 4340 usu
1272 4291 1357 4342 fnisse
1377 4291 1485 4341 videtur

297 4375 331 4429 cf.
348 4375 424 4428 Naue
441 4377 482 4426 11¹
498 4377 548 4427 445
567 4394 607 4443 sq.

403 4463 434 4529 ³⁴)
451 4463 534 4516 Falso
552 4467 628 4517 Neue
646 4465 665 4519 l.
684 4482 707 4519 c.
725 4467 765 4517 sic
783 4466 839 4531 legi
856 4466 885 4516 in
903 4463 1035 4514 Bembinc
1053 4469 1143 4530 negat.

1651 5089 1670 5156 j
