3360 5188
672 469 887 534 ,35-

284 662 356 726 Iam
381 682 444 745 quo
469 659 655 726 discrimine
678 669 817 745 utraque
840 660 947 725 forma
963 683 983 725 a
1000 661 1153 727 Terentio
1179 660 1373 728 adhibeatur

183 795 226 838 ex
248 771 330 837 locis
353 771 452 837 modo
476 769 586 836 allatis
610 773 741 837 omnino
765 795 831 837 non
848 795 945 858 posse
963 772 1100 856 definiri,
1124 775 1275 859 quamvis
1290 775 1371 841 miro

181 884 250 950 fere
272 882 370 947 modo
396 883 527 948 codices
561 885 594 948 iu
629 883 816 952 adhibenda
850 893 988 969 utraque
1021 884 1129 950 forma
1157 886 1371 960 consentiant,

181 994 260 1060 mihi
283 988 441 1079 persuasi.
475 995 560 1060 Nam
583 1017 690 1082 neque
713 1007 852 1062 accentu
874 1018 980 1083 neque
1004 997 1243 1082 significatione
1269 999 1372 1082 (ipsus

185 1131 224 1162 =
248 1105 411 1187 dominus)
443 1128 548 1193 neque
570 1107 680 1172 littera
710 1110 902 1193 insequente
924 1131 1004 1174 usus
1028 1109 1126 1174 certis
1150 1109 1373 1176 circumscribi

185 1228 294 1304 potest
315 1218 445 1300 finibus,
479 1220 526 1284 ita
562 1228 598 1285 ut
631 1220 758 1286 aurium
791 1220 861 1286 fere
894 1221 1030 1288 arbitrio
1054 1222 1223 1306 utriusque
1245 1220 1372 1288 formae

184 1331 349 1414 optionem
369 1331 540 1417 reliquisse
562 1332 713 1398 videatur
736 1332 919 1398 Terentius.
943 1331 983 1398 A.
1001 1333 1165 1398 Luchsius
1181 1335 1317 1418 quidem
1339 1336 1372 1401 in

183 1440 399 1508 Studemundi
423 1443 538 1510 studiis
564 1445 598 1510 in
624 1446 752 1528 priseos
770 1445 945 1529 scriptores
960 1443 1110 1511 latinosI
1128 1444 1145 1506 1
1161 1467 1193 1528 p.
1209 1445 1250 1509 47
1266 1445 1373 1529 legam

181 1556 367 1640 repperisse
392 1554 455 1620 sibi
476 1557 566 1622 visus
590 1564 640 1619 est
659 1551 772 1640 ‘ipsus'
797 1555 938 1620 formam
961 1577 982 1620 a
997 1558 1102 1640 poetis
1125 1558 1259 1623 comicis
1281 1581 1372 1624 usur-

182 1667 264 1750 pari,
289 1666 346 1732 ubi
369 1689 445 1731 cum
466 1667 659 1751 pronomine
680 1667 839 1732 reflexivo
856 1668 1118 1750 coniungeretur,
1144 1691 1281 1754 eamque
1296 1679 1372 1736 ante

180 1800 362 1862 pronomen
385 1779 578 1844 reflexivum
604 1779 692 1862 poni,
718 1800 880 1864 nusquam
910 1778 1081 1864 subsequi:
1106 1779 1164 1844 sed
1182 1781 1272 1846 vides
1287 1780 1372 1846 hanc

179 1891 289 1974 legem
312 1901 382 1958 tum
406 1891 536 1956 demum
559 1890 600 1955 de
623 1890 775 1954 Terentio
800 1891 927 1972 valere,
964 1893 991 1956 si
1021 1914 1095 1958 oum
1117 1892 1261 1957 Luchsio
1284 1892 1373 1960 haud

180 2003 337 2086 exiguam
359 1987 508 2067 locorum
530 2010 658 2087 partem
680 2004 868 2068 mutaveris.
892 2002 985 2070 Idem
1001 2003 1068 2068 fere
1084 2005 1182 2068 etiam
1199 2004 1239 2068 de
1255 2005 1371 2072 Plauto

181 2136 280 2199 posse
303 2113 459 2181 affirmari
481 2114 613 2180 Brixius
637 2114 671 2179 in
694 2115 878 2200 appendice
900 2115 945 2180 ad
968 2113 1063 2200 Oapt.
1086 2112 1149 2180 458
1185 2116 1273 2182 dicit.
1319 2117 1373 2184 Ad

184 2225 312 2292 hiatum
335 2227 524 2294 evitandum
543 2223 657 2312 ‘ipsus'
682 2226 802 2311 legitur
824 2227 910 2293 Eun.
934 2225 1007 2310 546,
1032 2224 1105 2310 974,
1144 2226 1275 2297 Phorm.
1300 2227 1371 2314 178,

180 2337 255 2420 215,
280 2338 362 2404 Hec.
386 2338 460 2421 343,
483 2337 556 2422 455,
581 2339 654 2422 812,
678 2337 743 2406 Ad.
767 2337 840 2422 328,
866 2338 947 2421 472,
971 2348 1106 2425 propter
1126 2341 1371 2428 ictum'(ipsi1s)

178 2451 283 2518 Andr..
308 2448 387 2534 576,
426 2451 509 2516 Hec.
539 2451 618 2516 344:
643 2452 699 2537 qui
728 2460 855 2516 restant
877 2451 941 2516 loci
963 2488 1007 2496 --
1031 2459 1081 2515 est
1103 2461 1215 2524 autem
1238 2451 1372 2518 dimidia

179 2563 250 2627 fere
273 2585 351 2646 pars
367 2597 409 2608 -—
425 2565 506 2628 certi
529 2564 704 2648 quicquam
727 2585 806 2648 prae
824 2585 858 2627 se
880 2585 947 2627 nou
970 2562 1087 2645 ferunt,
1113 2585 1176 2648 quo
1201 2565 1372 2650 eligendae

180 2674 308 2741 formae
320 2675 492 2741 considium
507 2676 618 2742 statim
630 2677 855 2762 perspiciatur.
870 2674 958 2756 Quid
964 2676 1054 2760 quod
1066 2675 1289 2744 exstatAudr.
1298 2677 1371 2743 527:

177 2783 285 2872 ‘ipsus
315 2784 442 2872 gnatus'
480 2797 512 2852 et
535 2788 635 2853 Haut.
670 2785 750 2852 894:
781 2783 866 2871 ‘Ipse
902 2783 1042 2872 gnatus,
1078 2788 1141 2852 nisi
1177 2788 1263 2854 forte
1297 2789 1371 2855 loeo

181 2900 292 2984 priore
316 2899 406 2984 quod
427 2897 458 2963 A
481 2899 592 2964 deficit
615 2921 689 2964 cum
713 2896 807 2962 OEP
832 2908 947 2964 eontra
970 2896 1095 2964 BD¹G
1113 2896 1204 2994 ‘ipsef
1230 2900 1371 2998 scribere

180 3014 297 3077 mavis
331 3012 383 3076 De
406 3011 524 3076 Plauto
549 3011 590 3077 of.
613 3011 668 3076 Fr.
692 3011 761 3077 Leo
785 3013 820 3077 in
834 3012 919 3076 Mus.
935 3010 1038 3076 Rhen.
1054 3011 1241 3076 XXXVIII
1260 3010 1368 3093 (1883)

183 3123 203 3188 8
229 3145 289 3210 sq„
317 3123 373 3188 ubi
402 3123 494 3189 locos
523 3146 652 3209 quoque
683 3123 800 3209 quibus
820 3120 978 3210 ‘eumpse
1010 3145 1109 3209 eopse
1138 3119 1207 3189 eto.'
1234 3124 1372 3191 Plautus

182 3235 269 3300 dixit
303 3242 510 3300 enumeratos
533 3237 691 3301 invenies.
715 3234 782 3300 Sed
803 3257 871 3300 non
893 3257 1029 3320 possum
1052 3257 1090 3300 eo
1115 3234 1237 3301 adduci
1261 3246 1296 3302 ut
1311 3239 1372 3304 Te-

184 3348 326 3414 rentium
350 3368 478 3432 quoque
502 3348 571 3413 eius
588 3348 678 3412 modi
691 3348 804 3412 formis
821 3370 917 3413 usum
941 3369 1014 3413 esse
1036 3347 1114 3412 mihi
1137 3329 1371 3432 persuadeam:

182 3481 261 3525 nam
282 3481 397 3524 versus
421 3458 476 3524 ille
501 3461 597 3540 (Heo.
625 3458 698 3541 163)
725 3483 788 3546 quo
813 3459 927 3526 fulcire
951 3460 1060 3526 studet
1082 3460 1153 3525 Leo
1178 3463 1372 3526 sententiam

182 3593 276 3636 suam
298 3570 378 3637 mihi
406 3594 511 3657 neque
535 3593 574 3636 ao
597 3569 741 3658 Guyeto,
771 3571 946 3656 Fleckeis,
961 3571 1128 3657 Wagnero
1152 3569 1371 3658 interpolatus

177 3705 255 3748 esse
277 3682 416 3748 videtur.

289 3792 318 3858 2.
342 3794 394 3860 De
417 3794 544 3860 formae
558 3816 647 3861 nom.
670 3793 754 3880 plur.
777 3794 853 3859 fem.
872 3789 976 3860 ‘haec’
1002 3817 1065 3859 usu
1080 3794 1279 3859 Terentiano
1297 3816 1371 3862 oum

181 3909 428 3974 accuratissime
452 3909 553 3993 egerit
576 3909 631 3972 Fr.
648 3906 848 3974 Schmidtius
867 3903 944 3970 ‘Die
959 3904 1198 3971 Pluralformen
1221 3903 1278 3970 des
1294 3907 1372 3973 Pro-

182 4041 319 4085 nomeus
352 4017 407 4084 hio
441 4019 496 4085 bei
517 4019 654 4086 Plautus
681 4019 750 4083 und
771 4014 951 4085 Terentius’
977 4019 1011 4082 in
1033 4017 1177 4082 Hermae
1199 4016 1265 4083 vol.
1289 4018 1373 4086 VIII

181 4128 245 4194 478
270 4153 362 4217 sqq„
398 4153 462 4217 qua
486 4141 561 4196 'cum
584 4130 807 4216 disputatione
831 4127 1031 4195 conferenda
1053 4136 1104 4192 est
1126 4127 1273 4195 eiusdem
1294 4132 1370 4194 sori-

183 4243 287 4326 ptoris
311 4241 440 4308 dissert.
463 4245 574 4328 inaug.
593 4240 830 4324 ‘Quaestiones
854 4241 894 4307 de
917 4241 1147 4326 pronominum
1169 4239 1370 4308 demonstra-

181 4353 325 4418 tivorum
357 4353 471 4420 formis
504 4350 670 4420 Plautinis'
709 4353 830 4435 (Berol.
856 4351 970 4437 1875),
1009 4353 1101 4417 ouius
1129 4351 1232 4418 libelli
1255 4373 1373 4418 censor

181 4467 310 4532 exstitit
345 4465 386 4531 G.
422 4465 677 4533 Studemundius
712 4468 744 4530 in
775 4464 939 4530 Fleckeis.
963 4463 1083 4531 Annal.
1119 4463 1231 4530 CXIII
1260 4461 1369 4548 (1876)

1208 4582 1246 4634 3*
