3360 5188
810 421 1022 485 ...22-

313 610 413 700 ‘quae
426 610 488 679 nos
502 622 716 698 nostramque
730 611 989 678 adulescentiam
1009 609 1014 694 Ι
1034 609 1168 675 Habent
1181 606 1388 697 despicatu').
1402 609 1513 695 Atque

318 724 427 810 plures
445 725 549 791 dativi
568 725 649 805 (sive
672 724 705 788 in
728 747 763 788 -u
780 725 848 789 sive
865 725 899 788 in
914 725 973 805 -ui)
990 723 1079 807 apud
1091 722 1280 788 Terentium
1297 722 1428 787 omnino
1444 744 1510 786 non

319 846 462 902 exstant.
484 837 626 902 Formae
653 846 762 902 autem
784 837 818 901 in
849 859 884 902 -u
901 834 990 921 apud
1016 856 1135 920 prosae
1155 837 1331 920 scriptores
1346 837 1512 920 reperiun-

319 947 381 1032 tur,
405 958 442 1014 ut
464 957 593 1013 taceam
617 948 658 1014 de
671 947 816 1032 Vergilio
833 946 971 1033 aliisque
987 948 1112 1032 poetis:
1135 949 1247 1033 itaque
1263 947 1352 1032 apud
1368 946 1512 1013 Gellium

318 1060 367 1125 IV
391 1059 441 1144 16,
476 1057 497 1123 5
519 1060 674 1145 legimus:
708 1057 789 1125 ‘non
819 1083 933 1125 omnes
958 1059 1144 1124 concedunt
1166 1060 1200 1124 in
1223 1082 1303 1126 casu
1325 1060 1437 1125 dativo
1462 1083 1512 1126 se—

319 1173 410 1237 natui
434 1173 541 1256 magis
579 1172 755 1237 dicendum
778 1193 876 1257 quam
910 1167 1046 1255 senatu',
1072 1170 1114 1236 cf.
1137 1171 1229 1237 Neue
1252 1169 1284 1237 1⁹
1298 1169 1361 1236 356
1385 1167 1515 1257 sqqsset

320 1281 474 1347 Buechel.
498 1305 529 1368 p.
554 1281 625 1346 110.
662 1283 754 1363 Quae
777 1304 852 1347 oum
876 1286 922 1348 ita
953 1285 1028 1365 sint,
1066 1305 1133 1347 non
1154 1283 1251 1348 video
1276 1305 1421 1366 oausam,
1453 1305 1514 1348 eur

319 1404 503 1469 Lorenzius
526 1403 645 1468 Pseud.
670 1401 733 1466 306
755 1403 793 1468 R.
818 1404 1004 1488 scripserit:
1030 1399 1110 1468 ‘ndn
1147 1414 1197 1469 est
1230 1385 1303 1468 usui
1338 1405 1511 1488 quisquam

320 1532 448 1588 amator
462 1524 524 1587 nisi
541 1525 596 1610 qui
616 1527 789 1609 perpetuat
805 1521 891 1590 data'
910 1525 1089 1590 adnotans:
1109 1507 1196 1590 ‘usui
1221 1525 1307 1590 auch
1322 1523 1512 1589 TrucullV

319 1643 348 1726 2,
367 1643 408 1706 10
422 1643 471 1727 18),
503 1627 814 1727 subtilissmo,
850 1653 942 1709 sonet
974 1645 1033 1711 mit
1055 1644 1186 1711 Elision
1206 1643 1268 1710 vor
1289 1645 1514 1710 vocalischem

319 1753 483 1821 Anlaute'.
508 1756 595 1821 Nam
610 1755 702 1821 libris
719 1765 816 1840 certe,
840 1759 895 1843 qui
913 1779 991 1823 sane
1003 1753 1099 1822 ‘usui'
1116 1756 1167 1822 vel
1187 1754 1313 1823 ‘iustus'
1342 1756 1513 1843 praebent,

319 1867 382 1933 hac
396 1870 430 1933 in
454 1892 490 1933 re
512 1868 602 1933 nulla
626 1877 675 1933 est
696 1870 795 1953 fides,
819 1871 874 1955 qui
886 1872 985 1935 etiam
999 1867 1146 1956 ‘sumptu
1173 1867 1339 1955 (sumptul'
1357 1868 1425 1934 Mil.
1451 1869 1516 1932 740

320 1988 435 2044 contra
468 1989 608 2044 metrum
641 1978 795 2045 habeant.
841 1979 894 2046 An
929 2004 968 2046 ea
1002 1992 1073 2046 erat
1103 2005 1215 2064 causa,
1246 1981 1334 2066 quod
1356 1982 1390 2046 in
1412 2004 1513 2046 versu

320 2089 537 2180 antecedente
553 2089 688 2175 legitur:
708 2087 856 2158 ‘credere
873 2092 1005 2159 autem?
1021 2094 1092 2176 eho,
1109 2116 1150 2158 an
1170 2094 1315 2179 paenitet
1330 2101 1372 2175 te,
1389 2095 1513 2178 quAnto

320 2201 372 2266 hio
394 2201 493 2266 fuerit
520 2197 630 2266 bsui'?
665 2201 730 2269 Sed
759 2212 796 2269 ut
824 2203 868 2269 ad
890 2205 1077 2288 Terentium
1111 2213 1320 2287 revertamur,
1357 2206 1513 2290 quoniam

318 2312 471 2378 Plautum
488 2312 545 2378 ubi
567 2315 613 2378 ·ui
636 2321 713 2378 ante
735 2314 886 2380 vocalem
907 2315 1027 2400 legitur
1049 2315 1197 2381 ultimam
1220 2325 1346 2381 tantum
1368 2315 1511 2380 litteram

320 2421 440 2489 elidere
455 2423 492 2506 ¹⁹)
518 2448 561 2490 ex
583 2426 726 2491 Lorenzi
758 2427 988 2493 observatione
1020 2428 1186 2511 discimus,
1221 2430 1298 2514 quin
1324 2423 1408 2492 ‘anu'
1432 2425 1509 2490 loco

320 2535 517 2601 Terentiano
542 2558 616 2602 cum
641 2537 672 2606 A
696 2538 904 2604 scribendum
929 2542 1057 2606 sitnon
1081 2539 1278 2605 dubitamus.

424 2673 454 2737 4.
479 2671 866 2742 Accusativus‘cornum'
893 2688 1002 2743 exstat
1025 2679 1109 2743 Eun.
1128 2677 1206 2742 775:
1225 2674 1284 2761 ‘tu,
1309 2677 1453 2761 Simalio,
1476 2679 1513 2741 in

324 2788 490 2852 sinistrum
513 2809 665 2871 comum,
689 2791 733 2871 tir,
759 2789 901 2874 Syrisce,
925 2793 958 2854 in
981 2786 1172 2873 dexterum',
1197 2812 1261 2877 quo
1285 2789 1358 2855 loco
1376 2788 1512 2856 dubium

321 2908 380 2983 est,
419 2908 529 2964 utrum
553 2923 572 2964 a
594 2922 677 2964 voce
696 2896 840 2985 ‘cornua
878 2897 924 2965 us'
961 2924 1004 2966 an
1027 2898 1224 2985 a‘cornum,
1258 2897 1276 2965 i'
1302 2901 1514 2966 accusativus

321 3014 362 3076 sit
386 3011 602 3076 derivandus:
626 3022 765 3098 utraque
793 3015 879 3078 enim
901 3013 1007 3078 forma
1036 3014 1259 3079 heteroclitica
1286 3015 1447 3099 reperitur
1469 3013 1511 3076 cf.

318 3121 411 3187 Neue
434 3121 465 3186 I,
488 3121 573 3185 347.
603 3120 756 3188 Ceterum
779 3145 849 3189 aco.
869 3120 1025 3189 ‘cornum'
1057 3125 1158 3191 habet
1180 3133 1263 3190 teste
1287 3125 1456 3190 Prisciano
1481 3126 1511 3205 ll

322 3231 395 3315 210,
432 3233 473 3297 16
495 3233 552 3312 Η.)
593 3232 689 3299 Ovid.
726 3234 805 3300 Met.
829 3235 861 3301 V
892 3234 955 3299 383
989 3245 1022 3300 et
1043 3236 1086 3301 ib.
1117 3235 1238 3300 11874
1269 3237 1377 3300 forma
1413 3237 1511 3300 etiam

321 3345 492 3410 codicibus
515 3344 666 3411 traditur.
690 3345 799 3432 Atque
821 3346 884 3411 hoc
909 3347 1014 3413 solum
1038 3348 1224 3434 exemplum
1247 3371 1322 3414 oum
1345 3350 1434 3434 apud
1449 3349 1512 3413 Te-

321 3458 463 3522 rentium
478 3459 648 3542 reperitur,
672 3460 864 3525 comoediae
878 3459 1050 3525 Plautinae
1065 3461 1244 3526 identidem
1261 3459 1422 3545 praebent
1444 3459 1511 3524 for-

320 3591 392 3634 mas
416 3591 498 3655 quas
523 3569 662 3635 dicimus
686 3571 966 3637 substantivorum
989 3571 1208 3656 heteroclitas,
1248 3593 1332 3657 quae
1354 3573 1401 3636 ita
1423 3594 1513 3636 com-

322 3692 459 3767 paratae
476 3690 560 3766 sunt,
583 3692 620 3746 ut
643 3705 660 3747 e
675 3683 768 3748 vocis
784 3705 902 3768 genere
924 3686 958 3750 in
973 3673 1123 3749 sermone
1145 3682 1275 3768 plebeio
1288 3686 1436 3748 variante
1453 3705 1513 3748 eas

323 3794 481 3877 originem
504 3794 639 3860 duxisse
652 3804 821 3880 appareat.
841 3794 950 3860 Veluti
962 3794 1081 3882 Amph.
1105 3793 1169 3858 513
1191 3797 1361 3879 genetivus
1380 3791 1508 3860 ‘lectus'

326 3901 381 3984 (cf.
398 3903 500 3970 Prisc.
516 3903 550 3969 ΙΙ
573 3902 646 3988 257,
669 3904 692 3968 4
713 3905 756 3968 Η.
773 3915 805 3970 et
819 3906 1027 3992 Brugmanus
1040 3915 1214 3978 comment.
1237 3907 1270 3970 in
1293 3905 1409 3973 honor.
1426 3908 1511 3972 Bue-

428 4091 458 4158 ¹⁸)
477 4092 531 4144 Sed
550 4093 583 4147 cl.
604 4093 734 4144 Schoellii
752 4093 890 4145 adnotatio
910 4094 1005 4146 critica
1022 4093 1057 4145 ad
1075 4095 1148 4145 hunc
1166 4112 1283 4152 versum.

428 4178 458 4240 ¹⁹)
476 4181 508 4233 E.
528 4197 553 4246 g.
571 4179 621 4231 hos
640 4181 721 4232 affero
739 4180 829 4233 locos:
855 4181 913 4231 Mil.
933 4183 983 4232 603
1002 4182 1135 4248 (nissen),
1161 4184 1219 4246 771,
1248 4183 1326 4234 Cure.
1345 4184 1404 4247 501,
1423 4183 1514 4236 Poen.

321 4269 372 4318 617
391 4281 479 4332 neque
491 4273 625 4334 repugnat
638 4267 708 4318 Rud.
724 4269 783 4331 294,
801 4269 830 4318 in
853 4283 906 4333 quo
916 4283 997 4319 versu
1009 4269 1123 4319 formam
1145 4270 1297 4321 breviorem
1318 4275 1432 4336 utroque
1451 4269 1516 4320 loco

321 4352 484 4404 exarandam
503 4369 562 4404 esse
580 4353 647 4404 mihi
665 4355 845 4405 certissimum
864 4359 921 4404 est:

385 4434 469 4490 ‘hisce
487 4436 561 4490 hAmi
580 4445 661 4505 atque
680 4439 748 4490 haee
766 4436 932 4490 harundines
952 4444 1016 4490 sunt
1033 4438 1112 4490 ndbis
1131 4446 1276 4506 quaestu
1295 4446 1322 4492 et
1341 4433 1454 4494 criltu’.
