3360 5188
679 515 892 581 „73-

194 705 266 791 177,
289 705 362 789 864,
386 705 518 771 Phorm.
543 705 616 789 382,
640 705 713 791 668,
738 707 819 772 Η66.
838 705 900 770 143
915 708 950 772 16
964 707 1113 772 iambicis
1131 708 1277 790 senariis,
1293 709 1379 775 Eun.

191 818 255 883 593
267 820 301 884 in
315 817 415 884 iamb.
428 828 522 904 sept,
536 818 639 884 Andr.
649 816 721 903 707,
744 815 827 884 Η66.
839 817 902 883 218
914 820 949 884 16
964 819 1068 885 trooh.
1086 828 1179 906 sept,
1202 819 1303 885 Haut.
1317 819 1378 883 177

192 933 226 995 16
247 930 352 996 trooh.
370 940 477 1014 ooton.
496 929 661 1016 Sulpicius
674 930 784 1017 Apoll.
801 939 910 998 autem
929 933 963 997 in
986 953 1055 1015 arg.
1072 932 1116 998 ad
1131 931 1214 997 Hac.
1230 930 1377 998 bhabet:

187 1040 280 1109 ‘dein
296 1045 462 1129 profectus
478 1043 623 1110 Imbrum
640 1053 706 1109 est:
728 1053 867 1130 nuptam
880 1039 1114 1128 haud'attigit',
1137 1043 1194 1109 ubi
1215 1043 1378 1109 Fleckeis.

187 1143 278 1230 Γ(1616
301 1166 351 1230 est
372 1165 538 1250 profectus
554 1165 699 1231 Imbrum
720 1162 788 1231 etc?
816 1166 956 1250 scripsit.
979 1163 1030 1229 Ao
1053 1174 1140 1230 certe
1162 1153 1217 1230 ille
1239 1165 1379 1230 formam

191 1277 456 1363 monosyllabam
478 1278 578 1343 habet
600 1279 634 1342 in
651 1299 718 1361 arg.
735 1277 778 1342 ad
793 1276 923 1342 Phorm.
938 1301 970 1342 v.
986 1275 1024 1342 9:
1043 1273 1151 1362 ‘pater
1174 1281 1206 1342 et
1222 1275 1378 1342 Chremes

190 1390 313 1454 reversi
335 1389 484 1454 fremere.
508 1390 584 1455 dein
611 1387 737 1455 minas'.
784 1387 852 1456 Sed
888 1399 925 1455 ut
957 1399 1160 1455 revertamur
1191 1389 1278 1456 unde
1313 1392 1378 1455 orsi

192 1522 313 1584 sumus,
329 1500 439 1566 facere
454 1523 521 1566 non
537 1523 673 1588 possum
689 1503 767 1587 quin
783 1500 960 1586 Spengelio
980 1500 1169 1587 adstipuler,
1194 1503 1249 1586 qui
1264 1502 1376 1566 nescio

189 1635 234 1678 an
256 1620 344 1677 reote
367 1621 471 1677 metro
500 1611 682 1678 bacchiaoo
700 1609 839 1678 ‘deinde'
866 1615 1017 1678 excusari
1048 1611 1236 1678 contendat.
1273 1609 1376 1677 Porro

191 1727 219 1789 si
242 1724 417 1790 formulam
442 1721 533 1810 ‘post
562 1719 687 1790 deinde'
718 1725 786 1789 iam
819 1725 853 1787 in
881 1723 954 1807 lege
983 1721 1378 1817 1661661661611111
1509 1728 1524 1830 J

191 1837 219 1920 1,
244 1833 301 1921 45)
325 1838 494 1902 exstitisse
526 1844 716 1921 reputamus
755 1843 787 1900 et
819 1837 890 1921 ipse
918 1834 1115 1900 Ritschelius
1149 1836 1204 1920 qui
1237 1836 1377 1900 formam

183 1944 300 2034 ‘poste'
324 1949 359 2013 in
380 1946 498 2012 Plauto
520 1949 731 2012 resuscitavit
756 1949 822 2032 (op.
845 1947 880 2012 II
901 1945 963 2011 541
989 1951 1072 2033 sqq.)
1095 1969 1168 2012 eam
1189 1948 1224 2013 in
1248 1947 1376 2034 septimi

189 2059 313 2124 saeculi
334 2059 443 2145 legum
465 2060 735 2144 inscriptionibus
750 2068 865 2146 utpote
892 2067 962 2126 tum
989 2061 1193 2146 antiquatam
1214 2081 1377 2145 nusquam

187 2172 253 2256 legi
276 2171 437 2255 concedit,
460 2195 528 2236 666
550 2193 726 2258 possumus
750 2194 789 2236 6ο
814 2170 933 2237 adduci
956 2180 993 2236 ut
1015 2171 1203 2238 Terentium
1223 2172 1377 2257 antiquae

187 2282 314 2349 formae
335 2285 538 2350 tenaciorem
561 2285 643 2370 ipsis
664 2284 775 2369 legum
796 2285 900 2350 titulis
922 2307 988 2350 uno
1011 2285 1081 2349 nixi
1102 2283 1175 2351 loco
1192 2284 1376 2350 credamus.

187 2397 274 2464 Eun.
296 2395 359 2460 493
385 2394 417 2461 Α
439 2395 556 2463 habet:
575 2393 687 2463 ‘simul
707 2398 896 2483 imperabo:
925 2406 1001 2485 post
1023 2398 1177 2462 continuo
1201 2393 1304 2480 exeo',
1319 2395 1377 2461 ubi

185 2505 223 2574 ut
244 2531 376 2576 versum
398 2511 553 2593 efficeret,
572 2504 690 2595 ‘poste'
715 2509 880 2574 Fleckeis.
910 2510 1050 2594 scripsit,
1080 2510 1132 2573 661
1155 2507 1377 2574 emendationi

187 2622 288 2688 etiam
311 2623 470 2687 maiorem
492 2623 561 2687 veri
578 2620 823 2687 similitudinem
837 2621 953 2687 afferre
968 2620 1163 2686 videbantur
1183 2620 1286 2685 verba
1307 2620 1375 2686 Do·

186 2736 273 2799 nati:
292 2729 425 2817 ‘legitur
446 2743 478 2800 et
503 2735 658 2821 „postea“
683 2742 716 2798 et
740 2730 864 2822 „post“'
896 2734 950 2812 (cf.
973 2733 1122 2800 Mueller.
1151 2756 1240 2822 pros.
1268 2732 1375 2798 Plaut.

186 2842 276 2928 460).
299 2842 494 2933 Ao‘postea'
512 2847 546 2910 in
560 2842 706 2910 BOEFP
720 2847 824 2911 etiam
839 2867 926 2910 6666
940 2845 1095 2930 legimus.
1118 2845 1184 2912 Sed
1199 2847 1375 2930 genuinam

187 2957 369 3023 lectionem
398 2955 559 3045 praebent
581 2955 657 3040 De,
688 2979 787 3043 quam
810 2957 889 3043 quin
911 2957 1146 3043 amplexemur,
1169 2979 1211 3022 66
1240 2958 1374 3022 minima

186 3070 321 3156 quidem
351 3069 465 3136 subest
487 3067 664 3134 dubitatio:
688 3065 799 3134 ‘simul
820 3068 1006 3154 imperabo:
1029 3070 1105 3155 pest
1126 3067 1190 3135 huc
1218 3069 1373 3133 continuo

186 3177 278 3246 exeo'
314 3181 369 3260 (ef.
393 3181 495 3247 Haut.
518 3179 600 3246 502:
629 3177 798 3247 ‘continuo
832 3180 886 3245 hio
908 3178 1046 3265 adsum',
1081 3179 1145 3246 Ad.
1176 3177 1254 3244 757:
1285 3178 1376 3269 ‘post

183 3294 250 3359 huo
272 3289 409 3372 redeo').
431 3294 547 3358 Plauto
571 3301 682 3359 autem
714 3295 845 3378 saepius
874 3292 1015 3358 formam
1043 3291 1278 3359 vindicandam
1300 3316 1373 3361 esse

182 3429 273 3471 6666
296 3428 409 3471 66666
432 3406 641 3492 consentiunt
664 3405 717 3483 (of.
739 3404 822 3469 Brix
844 3403 931 3468 Men.
955 3403 1040 3482 839).

214 3549 216 3554 ·
293 3513 698 3604 10.Adverbium‘oelere'
716 3526 848 3582 exstare
863 3516 993 3582 videtur
1006 3516 1137 3583 Phorm.
1155 3516 1234 3581 179:
1253 3515 1373 3584 Γ661166

183 3653 230 3713 66,
270 3629 371 3713 Geta,
410 3631 473 3696 nisi
512 3631 579 3695 iam
616 3629 752 3715 aliquod
784 3629 844 3693 tibi
881 3628 1055 3695 consilium
1093 3629 1198 3696 celere
1240 3627 1370 3714 reperis'

181 3742 227 3806 cf.
260 3739 386 3806 Charis.
421 3764 452 3827 p.
487 3740 560 3825 214,
593 3740 650 3824 143
682 3740 836 3806 Donatus
864 3750 975 3807 autem
1003 3750 1035 3807 et
1057 3742 1161 3808 Prisc.
1192 3743 1208 3806 1
1244 3740 1317 3824 335,
1353 3742 1371 3804 7

181 3875 305 3919 nomen
328 3853 527 3918 adieetivum
548 3852 612 3919 hoo
626 3852 700 3917 looo
717 3863 911 3944 agnoscunt.
928 3854 1019 3918 Neue
1034 3854 1089 3919 11²
1113 3852 1175 3918 659
1192 3855 1247 3939 qui
1261 3852 1372 3918 locum

184 3965 418 4030 Terentianum
435 3965 591 4049 neglexit,
607 3965 722 4030 laudat
736 3963 842 4029 Plaut.
860 3962 955 4030 Oura
979 3963 1058 4029 283:
1077 3963 1137 4030 ‘ita
1159 3987 1246 4029 nunc
1263 3966 1370 4032 subito

177 4078 326 4162 ,prdpere
348 4085 381 4142 et
404 4075 510 4142 celere
541 4077 738 4143 obiectumst
759 4075 838 4141 mihi
860 4073 1046 4161 segetium',
1071 4100 1167 4163 quem
1189 4100 1321 4143 versum
1345 4079 1372 4144 si

179 4188 376 4274 respicimus
410 4187 500 4254 nulla
521 4197 632 4276 potest
660 4210 734 4254 esse
767 4188 938 4270 dubitatio,
975 4191 1054 4274 quin
1076 4188 1208 4254 Terenti
1242 4212 1371 4276 quoque

179 4301 258 4368 loeo
274 4301 467 4368 adverbium
483 4322 581 4386 quam
597 4301 797 4367 adieetivum
820 4309 963 4366 statuere
979 4299 1080 4366 multo
1098 4301 1301 4388 probabilius
1319 4304 1370 4367 sit.

289 4412 339 4478 11.
358 4405 545 4478 ‘Interdius’
569 4411 748 4480 Bembinus
771 4419 803 4476 et
825 4407 978 4476 Donatus
1002 4410 1124 4477 habent
1148 4410 1211 4478 Ad.
1234 4411 1314 4502 5313

221 4522 412 4590 ‘interdiust
437 4525 496 4591 sed
518 4525 545 4588 si
566 4524 620 4588 hio
643 4534 812 4610 pernooto,
836 4527 957 4589 666666
981 4525 1059 4610 quid
1083 4524 1210 4606 dicam,
1224 4521 1326 4609 Syre',
