3360 5188
653 433 867 496 ..67-

165 626 295 694 radtius
330 624 440 691 Herm.
475 624 509 688 X
543 621 606 687 104
640 624 711 710 (ubi
729 621 835 690 ‘audit
866 622 994 690 laudari
1031 632 1064 689 10
1100 617 1256 690 lubenter'
1281 643 1356 708 pro·

170 737 338 824 posuerat)
370 758 476 822 neque
505 736 601 802 aliter
637 758 706 802 rem
740 759 775 802 00
806 734 928 804 habero
965 737 1000 802 in
1037 735 1157 802 fabulis
1195 733 1356 800 Plautinis

167 848 365 936 Spengelius
402 851 436 915 in
473 848 556 915 libro
591 846 644 916 ‘'l'.
680 848 725 914 M.
756 848 903 915 Plautus.
937 847 1059 932 Kritik,
1096 846 1253 914 Prosodie
1289 845 1358 912 und

169 957 297 1027 Metrik'
319 960 479 1048 (Gotting.
525 960 623 1044 1866)
665 985 698 1049 p.
736 960 800 1025 224
841 961 963 1027 docuit.
1009 958 1076 1026 Sed
1107 961 1208 1025 miror
1245 979 1356 1026 omues

167 1075 294 1160 fugisse
331 1075 642 1140 commentationem
683 1073 774 1141 illam
817 1076 985 1160 egregiam
1020 1072 1184 1139 Ludovici
1225 1071 1356 1156 Langii,

167 1188 224 1251 cui
259 1187 429 1272 inscripsit
458 1184 583 1253 ‘Ueber
617 1185 669 1252 die
691 1185 835 1270 Bildung
869 1185 927 1252 des
962 1184 1073 1250 latein.
1102 1182 1223 1248 Infinit.
1245 1183 1357 1248 Praes.

170 1295 317 1382 Passiv.',
348 1300 431 1364 actis
465 1298 657 1365 academiae
679 1298 948 1365 vindobonensis
975 1298 1011 1364 X
1039 1293 1147 1378 (1860)
1179 1293 1284 1360 1-58
1311 1296 1358 1359 in-

171 1417 301 1476 sertam.
325 1407 583 1477 Accuratissime
598 1411 685 1476 enim
699 1419 803 1476 totam
825 1408 881 1476 1110
902 1409 998 1476 huius
1021 1407 1172 1474 infinitivi
1187 1405 1358 1472 historiam

167 1521 369 1606 conscripsit
383 1521 541 1610 locosque
557 1531 671 1590 omnes
686 1519 914 1607 congessit³⁸).
931 1522 976 1587 ¹In
991 1519 1107 1586 Plauto
1123 1520 1223 1603 igitur
1233 1517 1358 1584 formae

170 1633 204 1700 in
227 1633 288 1698 -101
312 1632 374 1699 168
397 1633 479 1700 10010
501 1636 536 1699 11
557 1634 622 1702 fine
643 1614 769 1718 versus,
803 1633 823 1698 9
845 1632 928 1701 10010
952 1642 1233 1712 antecessorem,
1258 1626 1358 1695 semel

167 1744 236 1812 alio
260 1745 335 1812 loco
358 1747 575 1831 reperiuntur,
599 1768 697 1834 quem
711 1769 815 1833 aequo
829 1745 1023 1812 mutandum
1037 1752 1137 1830 atque
1151 1762 1253 1807 unum
1267 1739 1358 1806 illum

167 1858 403 1926 Terentianum
441 1861 516 1945 ipsa
547 1881 601 1926 100
634 1859 765 1925 clamat.
812 1857 922 1941 Quam
956 1857 1091 1924 obrem
1119 1860 1272 1940 prompta
1306 1861 1357 1917 001

167 1963 361 2029 0011001110
383 1971 511 2029 0010100
535 1984 664 2050 quoque
679 1964 849 2029 scaenicos
865 1962 1004 2030 eandem
1027 1961 1221 2031 observasse
1240 1965 1358 2050 legem,

167 2073 206 2140 id
228 2073 319 2162 quod
339 2073 429 2140 haud
449 2074 690 2160 neglegendum
712 2084 763 2141 001
783 2076 818 2140 in
833 2074 1034 2142 adornandis
1057 2075 1359 2164 constituendisque

167 2185 302 2254 illorum
324 2186 526 2272 fragmentis.
555 2184 654 2268 Quod
683 2186 727 2253 ad
748 2196 865 2273 poetas
888 2188 943 2274 qui
971 2187 1163 2254 hexametro
1193 2185 1357 2275 dactylico

170 2298 223 2364 usi
244 2307 330 2383 sunt,
353 2301 480 2383 attinet,
504 2321 561 2364 eos
584 2298 647 2364 hoc
669 2299 829 2365 infinitivo
853 2301 1043 2385 insequente
1066 2298 1185 2364 vocula
1208 2321 1229 2366 a
1250 2299 1359 2370 vocali

168 2411 347 2496 incipiente
369 2432 448 2476 usos
470 2433 543 2476 0000
564 2409 652 2476 idem
674 2410 790 2495 Lange
813 2411 1024 2478 demonstrat.

579 3197 926 3276 ADVERBIA.

279 3431 307 3506 1.
330 3429 533 3498 Adverbium
562 3430 626 3496 loci
654 3431 881 3518 pronominale
904 3428 974 3498 ‘illi'
1006 3433 1094 3500 solus
1128 3435 1237 3502 codex
1266 3437 1360 3505 Bem-

172 3543 269 3609 binus
297 3542 393 3610 nobis
416 3542 532 3610 tradit:

175 3655 308 3722 Phorm.
332 3653 391 3718 91:
412 3651 552 3723 ‘interea
575 3655 652 3722 dum
677 3654 828 3722 sedemus
851 3656 909 3742 illi,
933 3654 1128 3742 intervenit,

175 3766 259 3833 Hoc.
284 3764 365 3832 802:
384 3764 510 3855 ‘itaque
540 3769 671 3853 ineptus
703 3767 801 3834 hodie
829 3768 907 3834 dum
933 3769 982 3835 illi
1012 3768 1127 3855 0001000
1152 3780 1188 3836 11
1224 3771 1362 3858 quisque

328 3875 483 3963 vdnerat',

175 3989 241 4057 Ad.
265 3990 344 4056 844:
363 3988 417 4058 ‘eo
440 3995 540 4077 pacto
563 4015 714 4078 prorsum
737 3991 785 4058 illi
808 3993 965 4079 ddligaris
987 3989 1111 4078 filium,

279 4212 311 4283 ³⁸)
331 4214 399 4264 Cum
418 4214 472 4266 1001
489 4216 649 4267 'terentiani
668 4216 740 4283 apud
758 4216 894 4284 Largium
912 4215 957 4266 hic
979 4215 1037 4272 illic
1062 4215 1177 4282 dispersi
1199 4231 1288 4282 nequo
1311 4215 1361 4266 sub

174 4313 229 4348 uno
248 4305 394 4366 conspectu
413 4302 468 4351 sint
479 4302 569 4367 positi,
588 4317 634 4353 eos
653 4318 686 4352 ex
698 4302 805 4353 schedis
818 4303 886 4354 meis
904 4300 958 4351 huc
969 4301 1163 4352 transscribere
1175 4300 1249 4352 haud
1265 4302 1361 4352 inutile

173 4383 248 4448 duxi,
266 4385 397 4453 imprimis
416 4403 477 4437 cum
495 4388 571 4439 Neue
589 4387 607 4439 1.
627 4405 658 4452 0.,
677 4388 712 4439 ad
735 4403 815 4455 quom
834 4387 995 4438 Conradtius
1014 4386 1032 4439 1.
1056 4403 1079 4442 c.
1105 4387 1226 4453 legentes
1245 4387 1362 4454 delegat,

174 4487 229 4522 non
249 4488 342 4524 omues
360 4474 490 4538 praebeat
507 4473 591 4526 10000.

1209 4575 1248 4626 5*
