3360 5188
654 483 867 549 -41-

268 671 314 736 ib.
336 670 418 738 485:
438 668 572 758 ‘quibus
604 674 662 738 iris
687 673 800 759 pulsus
833 677 921 742 nunc
943 674 1090 742 inillam
1118 678 1247 764 iniquos
1270 677 1352 763 sim',

269 783 312 848 ib.
336 783 418 850 526:
453 780 534 850 ‘ndn
571 787 618 850 sic
655 784 797 852 ludibrio
830 790 896 853 tuis
932 787 1030 852 factis
1068 788 1199 856 habitus
1236 812 1351 856 essem.

166 894 317 976 Quibus?
339 894 384 960 At
406 891 552 981 rogitas,

269 1007 313 1072 ib.
337 1006 416 1072 644:
436 1005 588 1074 ‘uxorem
610 1008 713 1075 habes
737 1018 795 1074 aut
817 1010 936 1096 quibus
958 1022 1122 1078 moratam
1142 1012 1309 1098 mdribus',

268 1119 311 1183 ib.
336 1119 416 1184 759:
435 1116 510 1186 ‘nec
533 1119 690 1186 leviorem
712 1121 818 1205 vobis,
842 1122 960 1208 quibus
983 1132 1033 1189 est
1055 1126 1187 1190 minime
1203 1149 1352 1212 aequom,

167 1251 241 1294 eum
262 1228 422 1314 viderier',
770 1217 773 1222 Δ
1027 1245 1029 1250 ’

269 1344 333 1409 Ad.
356 1342 415 1408 36:
435 1341 568 1431 ‘quibus
591 1348 678 1412 nunc
696 1345 854 1412 sollicitor
868 1346 984 1412 rebus!
1007 1370 1049 1412 ne
1064 1357 1121 1413 aut
1144 1348 1199 1414 ille
1222 1347 1353 1434 tlserit',

271 1454 314 1521 ib.
339 1455 418 1520 315:
438 1453 522 1522 ‘tum
537 1459 649 1523 autem
665 1456 785 1542 Syrum
799 1458 1011 1543 inpulsdrem,
1035 1459 1110 1542 vah,
1134 1459 1353 1546 quibusillum

166 1568 349 1634 lacerarem
370 1565 498 1652 modis',

269 1680 310 1746 ib.
334 1678 414 1744 605:
433 1677 572 1764 ‘omnes
598 1681 715 1767 quibus
742 1705 795 1747 res
819 1693 894 1748 sunt
916 1686 1023 1749 minus
1047 1685 1220 1769 secundae,
1246 1689 1353 1772 magis

165 1804 241 1860 sunt
263 1794 375 1859 nescio
400 1795 462 1879 qud
487 1789 605 1875 modo'‚
1268 1879 1271 1886 y

269 1905 313 1972 ib.
338 1906 418 1971 822:
437 1903 547 1992 ‘signa
568 1907 692 1988 insunt,
716 1928 758 1970 ex
782 1907 900 1991 quibus
924 1909 1113 1974 coniectura
1136 1911 1231 1976 facile
1253 1908 1310 1977 fit'.

172 2017 278 2099 Quem
300 2021 418 2084 mirum
442 2018 593 2084 codicum
610 2039 806 2082 consensum
818 2021 910 2083 casui
922 2043 989 2085 non
1000 2044 1099 2106 posse
1122 2022 1223 2089 tribui
1246 2034 1353 2110 patet:

170 2131 283 2217 itaque
305 2132 496 2196 Terentium
531 2130 577 2194 sic
612 2128 783 2212 scripsisse
817 2139 850 2194 et
871 2131 934 2196 hac
969 2156 1098 2218 quoque
1131 2137 1166 2202 in
1187 2159 1221 2200 re
1245 2139 1360 2222 poesis.

167 2245 340 2308 scaenicae
363 2246 597 2330 proprietatem
620 2266 839 2329 agnoscamus
864 2254 1026 2334 oportet„

270 2353 299 2419 6.
328 2355 381 2420 De
420 2354 564 2422 ablativo
599 2354 677 2443 ‘qui'
717 2381 791 2424 eum
828 2358 1075 2423 accuratissime
1112 2381 1216 2444 nuper
1252 2360 1355 2442 egerit

168 2465 207 2532 Ο.
243 2467 427 2532 Kienitzius
472 2470 506 2532 in
540 2469 704 2534 Fleckeis.
743 2469 862 2534 Annal.
902 2469 1007 2554 suppl.
1040 2471 1075 2534 X
1113 2469 1353 2553 (1878-1879)

128 2663 131 2669 Ι
163 2601 197 2664 p.
220 2577 284 2642 525
308 2601 377 2665 sqq.
413 2575 477 2662 (de
501 2583 557 2666 qui
587 2579 704 2646 localis
728 2579 867 2646 modalis
902 2579 991 2665 apud
1019 2582 1146 2665 priscos
1176 2583 1353 2666 scriptores

164 2691 286 2756 latinos
309 2688 393 2771 usu')
418 2713 524 2776 neque
553 2692 655 2756 ullum
678 2693 810 2758 Terenti
831 2692 942 2758 locum
964 2692 1165 2777 neglexerit„
1186 2693 1229 2759 ad
1252 2696 1356 2772 ¹istam

166 2802 337 2887 delegasse
359 2803 505 2887 legentes
529 2806 839 2870 commentationem
862 2807 942 2870 satis
965 2803 1082 2871 habeo.

271 2915 301 2978 7.
323 2915 508 2981 Pronomen
532 2913 650 2994 ‘ouius
682 2939 725 2995 a,
756 2913 831 2980 -um⁷
863 2915 983 3001 legitur
1004 2915 1108 2981 Andr.
1140 2916 1218 2981 763:
1246 2913 1354 3000 ‘oedo,

165 3028 275 3091 cuium
288 3049 425 3113 puerum
441 3028 494 3124 hie
507 3026 713 3112 adposisti?'‚
727 3028 771 3094 ib.
788 3026 850 3091 932
861 3051 869 3090 :
881 3025 1004 3094 ‘culam
1015 3025 1157 3114 igituri’,
1173 3029 1258 3094 Eun.
1274 3027 1355 3091 321:

158 3135 267 3222 ‘virgo
291 3136 441 3223 cuiastl’,
465 3140 567 3205 Haut.
582 3141 665 3226 prol.
682 3141 718 3205 8:
737 3137 826 3206 ‘cuia
849 3163 970 3226 graeca
987 3137 1048 3206 sit’.
1066 3143 1159 3207 Idem
1174 3163 1356 3225 pronomen
1458 3211 1460 3216 ,

165 3250 346 3317 Brandtius
369 3251 389 3315 l.
414 3273 441 3314 c.
464 3274 496 3337 p.
520 3251 563 3314 29
591 3254 691 3318 etiam
713 3253 815 3318 Haut.
839 3252 920 3316 996:
950 3251 1021 3319 ‘aut
1051 3252 1150 3318 scibis
1182 3255 1275 3318 cuius
1300 3250 1353 3320 sis'

167 3365 336 3446 agnoseit:
361 3385 436 3428 cum
458 3365 544 3428 enim
566 3387 598 3427 v.
622 3363 686 3428 985
704 3362 840 3430 rhorum'
867 3375 945 3430 etv.
969 3363 1033 3428 995
1051 3361 1189 3431 ‘ambos'
1216 3365 1354 3450 dicatu,

164 3470 279 3538 ‘cuius’
305 3478 493 3559 genetivum
527 3499 690 3542 essenon
713 3497 821 3563 posse,
855 3477 982 3543 namsi
1011 3477 1045 3542 id
1066 3477 1225 3543 voluisset
1246 3487 1355 3563 poeta,

164 3581 327 3672 ‘quorum'
353 3610 427 3653 eum
452 3588 615 3654 dicturum
637 3589 749 3655 fuisse.
784 3588 830 3654 At
850 3589 937 3654 hanc
959 3591 1245 3656 ratiocinationem
1267 3590 1357 3656 haud

172 3709 300 3764 rectam
316 3723 388 3766 esse
411 3711 509 3786 puto:
533 3724 639 3787 neque
655 3704 742 3768 enim
757 3712 865 3788 genet.
884 3699 998 3767 ‘cuius'
1024 3706 1195 3790 oppositus
1219 3711 1268 3768 est
1282 3703 1357 3767 voci

166 3807 306 3877 ‘ambos'
331 3814 378 3877 ita
406 3823 443 3878 ut
472 3815 659 3880 necessario
694 3815 831 3900 pluralis
854 3813 1068 3899 desideretur,
1104 3817 1258 3901 quoniam
1291 3814 1355 3879 loci

168 3926 332 3989 sententia
354 3933 420 3990 est:
440 3922 513 3990 ‘aut
535 3936 688 4011 parentes
712 3927 953 4012 reconciliabis
987 3938 1045 3993 aut
1071 3927 1158 3992 unde
1191 3935 1289 3992 natus
1312 3927 1356 3992 sis

168 4033 379 4122 comperies'3
397 4035 537 4104 ‘ambos'
562 4049 672 4104 autem
689 4027 793 4124 Syrus
810 4039 899 4123 dicit,
924 4041 1079 4126 quoniam
1102 4060 1177 4103 cum
1192 4038 1291 4104 modo
1315 4036 1356 4105 de

167 4159 261 4235 patre
282 4152 368 4215 irato
392 4161 425 4216 et
447 4160 550 4216 matre
572 4151 714 4218 filiorum
730 4150 1008 4217 adiutriceverba
1029 4150 1119 4215 facta
1142 4165 1262 4228 essent,
1290 4173 1356 4216 non

168 4261 276 4328 solum
290 4270 439 4345 matrem,
456 4285 570 4330 verum
585 4265 685 4329 etiam
700 4273 828 4348 patrem
844 4262 888 4327 ad
903 4262 1163 4328 misericordiam
1177 4261 1356 4328 adductum

166 4375 206 4440 in‘
241 4374 465 4440 demonstrare
498 4374 642 4441 volebat.
674 4376 768 4441 Idem
799 4373 980 4440 Brandtius
1015 4375 1115 4439 etiam
1137 4374 1241 4440 Andr.
1272 4373 1356 4438 772:

162 4481 218 4552 ‘ne
241 4484 299 4551 illa
319 4485 412 4551 illum
433 4486 523 4551 haud
544 4487 646 4568 novit,
670 4488 763 4552 cutus
786 4506 887 4550 eausa
902 4482 984 4550 haec
998 4480 1122 4569 incipit'
1148 4484 1356 4550 scribendum
