3360 5188
808 483 1020 549 ὰ20..

319 697 416 762 quem
437 675 514 740 vide
537 673 682 740 adhunc
704 697 845 758 versum,
869 675 1044 759 legendum
1061 677 1119 741 sit:
1138 672 1293 762 ‘quantus
1316 687 1421 743 metus
1441 675 1513 743 θεῖ’.

321 788 435 874 Neque
459 788 547 873 quod
569 787 619 852 Fl.
646 787 777 872 scripsit
799 787 881 852 Hec.
907 785 984 851 735:

380 895 435 964 ‘ne
457 898 584 965 nbmeu'
598 899 643 964 mi
660 899 768 965 obstet
790 900 973 986 qiraistuis:
996 923 1077 965 nam·
1095 902 1204 966 mbree
1226 900 1324 967 facile
1347 897 1442 967 thtor'

320 1007 422 1076 hodie
455 1009 626 1096 probatur,
658 1033 735 1076 nam
768 1011 909 1077 lectione
943 1012 1068 1077 codicis
1102 1014 1253 1079 Bembini
1282 1008 1411 1079 ‘obsiet’
1450 1035 1513 1099 pro

317 1117 447 1188 ‘obstet’
464 1123 646 1207 immutata,
665 1145 749 1208 ques
766 1121 885 1188 calami
900 1124 1002 1189 errori
1016 1124 1190 1191 tribuenda
1206 1135 1266 1208 cst,
1291 1125 1401 1190 omnia
1422 1134 1513 1190 recte

324 1257 359 1302 sc
380 1235 519 1301 habeut:

373 1344 433 1413 ‘ne
451 1348 572 1414 udmeu
592 1345 672 1411 mihi
695 1346 822 1434 quaesti
845 1345 969 1412 dbsiet:
993 1369 1069 1412 nam
1092 1351 1200 1413 mores
1222 1348 1321 1414 facile
1343 1345 1452 1415 titor'.

323 1458 478 1525 Ceterum
510 1459 698 1543 genetivum
732 1459 765 1523 in
795 1459 860 1523 -uis
883 1458 972 1524 haud
993 1459 1040 1524 ita
1062 1482 1137 1524 raro
1160 1469 1354 1547 usurpatum
1376 1482 1449 1525 csse
1471 1481 1515 1526 ec

323 1569 566 1657 comprobatur,
591 1571 680 1656 quod
694 1569 878 1637 Varronem
901 1581 934 1636 θῖ
955 1571 1123 1656 Nigidium
1149 1571 1303 1658 Figulum
1325 1593 1393 1637 non
1416 1571 1513 1638 aliter

323 1684 453 1750 locutos
478 1707 551 1750 esse
574 1694 608 1750 θῖ
630 1685 802 1769 scripsisse
827 1681 954 1750 Gellius
976 1685 1025 1751 IV
1049 1683 1098 1768 16,
1118 1683 1134 1746 1
1158 1685 1269 1750 trudit.
1293 1685 1446 1770 Denique
1469 1683 1512 1750 ab

319 1795 382 1860 hoc
405 1796 479 1861 loco
502 1796 592 1861 haud
615 1795 757 1862 alienum
779 1817 852 1862 esso
867 1805 952 1882 puto
971 1817 1227 1863 commemorare
1250 1797 1432 1862 rectissime
1456 1797 1513 1862 dc-

320 1907 465 1972 feudisse
487 1905 753 1972 Fleckeiseuium
786 1908 939 1973 codicum
970 1908 1145 1975 lectionem
1163 1905 1303 1974 ‘motuis'
1328 1908 1418 1994 apud
1442 1907 1511 1972 Cic.

320 2039 379 2104 pro
405 2016 496 2083 Sext.
519 2020 618 2085 ltosc.
641 2018 693 2104 50,
719 2017 797 2083 145:
817 2017 860 2085 ‘si
882 2023 1000 2086 metuis
1028 2024 1086 2102 (sc.
1111 2044 1214 2087 causa
1235 2021 1401 2086 hominem
1425 2023 1511 2085 occi-

322 2129 485 2212 dereris)
512 2130 556 2197 eb
579 2153 660 2196 eone
675 2131 799 2218 aliquid
820 2132 938 2197 metuis
955 2129 1037 2216 stef,
1061 2156 1137 2198 nam
1160 2133 1303 2218 genetivi
1324 2132 1382 2198 illa
1402 2132 1512 2197 forma

323 2241 516 2310 ciceronem
531 2253 667 2331 propter
690 2266 829 2330 sequens
851 2240 1139 2311 verbum‘mosuis’
1158 2245 1307 2312 consulto
1330 2265 1426 2310 usum
1441 2266 1517 2308 esse

323 2365 580 2422 consentaneum
604 2365 663 2421 est.
709 2356 764 2421 Ex
786 2355 850 2420 hoc
874 2364 985 2422 autem
1007 2365 1041 2420 et
1063 2354 1151 2422 Gelli
1174 2355 1250 2421 loco
1272 2355 1382 2441 colligi
1404 2366 1517 2441 potest

322 2465 491 2532 Ciceronis
514 2467 708 2554 aequalibus
729 2467 872 2534 formem
885 2467 976 2534 haud
997 2469 1145 2553 ignotam
1174 2467 1278 2533 fuisse
1301 2467 1513 2555 eamquebe-

320 2579 404 2643 renti
427 2576 629 2670 temporibus
645 2579 745 2646 fuisse
760 2579 932 2646 urbanam.
948 2580 1079 2645 Etenim
1092 2580 1127 2643 in
1146 2579 1349 2646 comicorum
1365 2601 1516 2646 sermone

321 2691 449 2777 volgari
472 2713 512 2756 ea
534 2713 602 2756 non
623 2693 791 2776 reperitur.
816 2691 912 2758 Certe
935 2693 976 2758 de
999 2691 1116 2756 Plauto
1140 2689 1220 2757 nihil
1242 2691 1365 2758 habent
1386 2702 1517 2770 veteres

322 2804 528 2888 gramatici
557 2812 589 2869 et
624 2803 769 2871 codices.
815 2803 1086 2885 Quamobrem
1106 2803 1223 2868 iniuria
1252 2804 1391 2870 Bothiue
1419 2824 1518 2890 quem

324 2915 570 2981 Fleckeisenius
605 2922 736 2979 secutus
771 2924 821 2980 est
843 2914 1005 3000 Amphitr.
1041 2912 1121 2978 1061
1142 2910 1290 3000 ‘partuis'
1326 2925 1362 2981 ut
1383 2937 1518 2981 versum

323 3027 550 3092 difficillimum
573 3037 706 3092 sanaret
728 3027 869 3111 scripsit.

425 3139 526 3204 Porro
552 3139 651 3204 etiam
675 3141 845 3224 genetivos
879 3139 912 3203 in
935 3161 987 3204 -us
1017 3161 1120 3225 aeque
1155 3161 1194 3204 ac
1218 3139 1373 3205 Terentio
1397 3138 1516 3203 Plauto

323 3251 491 3318 abiudicat
512 3251 709 3317 Ritschelius
743 3251 844 3334 (Mon.
879 3253 980 3338 epigr.
1015 3261 1072 3318 tr.:
1111 3253 1150 3317 dc
1184 3251 1233 3317 tit.
1258 3249 1359 3317 Aletr.
1394 3251 1458 3316 VII
1473 3277 1515 3307 =

324 3361 447 3449 Opusc.
485 3363 535 3429 IV
569 3361 630 3427 169
668 3365 793 3450 sqq.):'
812 3359 863 3428 “ut
900 3363 1017 3428 eadem
1062 3387 1161 3450 opera
1198 3373 1231 3428 et
1269 3362 1520 3429 contraheretur

319 3465 447 3557 (sc-uit
464 3486 497 3540 ct
520 3475 659 3542 slittera
672 3477 869 3560 'servarettm
892 3474 956 3540 hoo
978 3475 1059 3541 illud
1073 3476 1181 3561 ipsum
1204 3484 1263 3559 est,
1288 3476 1377 3561 quod
1391 3475 1520 3540 factum

323 3611 395 3654 esse
420 3609 579 3673 negamus
613 3593 689 3652 a'nte
722 3586 823 3652 multo
847 3587 1031 3673 posteriora
1052 3597 1212 3673 tempora,
1237 3586 1369 3652 adultae
1392 3587 1518 3652 Latini·

322 3695 407 3766 tatis’
438 3699 493 3782 (οῖ’.Ι
509 3697 594 3764 Mus.
610 3699 713 3764 Rhen.
736 3697 820 3765 vm
835 3697 943 3785 [1852]
966 3698 1030 3762 494
1053 3705 1126 3786 sq.).
1139 3691 1274 3764 'Contra
1296 3697 1518 3764 Buechelerus

324 3811 345 3876 l.
371 3833 400 3877 c.
422 3833 454 3896 p.
479 3808 519 3873 61
559 3832 607 3896 sq.
643 3809 783 3875 formam
816 3810 892 3877 inde
922 3809 963 3875 ab
998 3811 1091 3874 initio
1126 3808 1306 3875 litterarum
1339 3809 1518 3875 latinarum

324 3925 490 3990 exstitisse
513 3933 546 3990 et
561 3922 713 3988 Plautum
736 3925 906 4008 genetivos
926 3920 1098 4007 ‘sumptus
1130 3917 1293 4008 quaestus'
1326 3921 1520 3986 adhibuisse

325 4036 504 4102 contendit.
527 4036 572 4102 At
593 4033 846 4114 mihi.um1m¹⁷)
870 4044 998 4100 tautum
1021 4044 1156 4120 praesto
1169 4043 1220 4100 est
1236 4033 1431 4119 exemplum,
1449 4056 1519 4119 quo

326 4147 518 4214 Buechelcri
535 4151 697 4214 sententia
710 4148 855 4213 fortasse
869 4147 974 4232 possit
996 4146 1205 4232 comprobari
1221 4146 1339 4210 Pseud.
1357 4143 1443 4208 119t·
1456 4146 1520 4209 It:

364 4256 458 4323 ‘nihil
471 4269 520 4324 est
535 4260 633 4326 hodie
644 4260 697 4326 hic
711 4258 924 4346 sy‘copbantis
941 4261 1106 4346 quaistus.
1123 4259 1218 4344 proin
1232 4266 1269 4322 tu
1284 4252 1469 4340 Pseudul'o''‚

430 4419 462 4489 ¹·⁷)
480 4421 522 4472 De
541 4423 667 4488 genetivo
685 4415 799 4486 ‘lectus’‚
818 4437 899 4488 quem
915 4421 1074 4473 Priscianus
1092 4419 1188 4486 Amph.
1207 4420 1257 4471 513
1276 4419 1367 4482 tradit,
1391 4419 1450 4472 iure
1467 4418 1522 4469 du-

325 4507 414 4558 bitant
432 4508 485 4558 viri
503 4507 575 4558 docti
593 4507 665 4574 (vide
683 4509 773 4574 infra).
