3360 5188
790 485 983 548 --g-

293 677 406 742 Etism
432 675 598 762 Berglrius
631 673 762 759 (Philol.
791 675 873 741 XVI
901 674 976 754 633)
1003 676 1072 740 sine
1103 695 1203 739 causa
1233 673 1353 740 idonea
1371 671 1478 738 ‘come

294 783 407 855 flueus'
434 788 606 874 scripsisse
628 786 767 854 videtur.
791 786 906 853 Voluit
928 787 1014 852 enim
1036 786 1164 852 Tullius
1194 787 1306 854 dicere.
1334 787 1478 852 facetum

290 900 422 967 dicendi
445 921 549 984 genus
571 899 745 966 Menandri
767 898 820 964 hic
843 898 923 982 illic,
943 898 1106 964 urbanum
1128 899 1249 985 ubique
1275 899 1478 984 expressisse

288 1014 495 1096 Terentium,
534 1033 634 1098 quam
670 1011 713 1078 ob
746 1033 816 1078 rem
850 1019 987 1098 utreque
1020 1010 1094 1076 loco
1119 1011 1249 1078 dicendi
1270 1009 1408 1077 verbum
1430 1021 1479 1076 est

291 1125 509 1208 aptissimum.
1264 1173 1267 1182 ,

288 1237 390 1301 Porro
413 1233 580 1306 Ausonius
603 1236 649 1302 id.
672 1235 721 1301 IV
743 1244 900 1321 protrept.
925 1236 972 1301 ed
991 1245 1101 1320 nepot.
1124 1257 1157 1299 v.
1179 1235 1221 1300 58
1245 1257 1293 1321 sq.
1316 1234 1433 1301 habet:

440 1344 507 1414 ‘Tu
528 1371 658 1435 quoque
681 1349 736 1434 qui
758 1348 892 1412 Latium
913 1347 999 1413 lactc
1026 1369 1176 1413 sermone
1199 1347 1332 1414 Terenti

446 1459 562 1527 Comis
580 1470 613 1526 et
635 1461 770 1525 astricto
795 1462 958 1546 percurris
981 1460 1110 1546 pulpita
1134 1482 1235 1525 socco
1259 1457 1331 1526 etc?

289 1571 419 1638 Deinde
448 1574 549 1640 etiam
571 1572 734 1640 Velleium
756 1573 884 1638 Patere.
909 1572 923 1636 1
949 1571 999 1654 17,
1031 1571 1047 1634 1
1080 1594 1263 1638 sermonem
1291 1572 1477 1657 respexisse

289 1693 368 1769 puto
405 1684 585 1750 dicentem:
618 1681 810 1769 ‘dulcesque
834 1684 929 1750 latini
954 1683 1077 1770 leporis
1106 1683 1249 1749 facetiae
1279 1706 1339 1769 per
1365 1681 1477 1749 (laeci-

287 1793 452 1881 iium(?)⁵)
475 1797 728 1882 Terentiumquc
751 1806 783 1862 ct
805 1795 979 1862 Afranium
1003 1797 1137 1882 suppari
1160 1803 1269 1861 aetate
1290 1791 1475 1878 nituenmt',

288 1931 366 1974 nam
388 1909 491 1974 etiam
510 1907 627 1974 Afrani
650 1931 834 1974 sermonem
854 1910 889 1974 in
903 1910 1093 1974 universum
1114 1907 1217 1973 fuisse
1239 1929 1357 1993 purum
1379 1917 1477 1993 atque

287 2019 472 2103 elegantem
493 2020 608 2086 doctrit
621 2019 797 2086 Teuffelius
820 2021 856 2085 iu
869 2041 980 2106 progr.
996 2021 1137 2105 Tubiug.
1156 2019 1239 2085 1858
1263 2043 1295 2105 p.
1318 2018 1372 2084 42.
1395 2021 1477 2086 Inde

286 2132 358 2199 ianr
365 2140 513 2217 apparet,
530 2154 589 2196 cur
602 2129 759 2198 Afranius
771 2132 892 2197 dixerit
905 2133 940 2197 iu
953 2131 1192 2218 Compitalibus
1211 2131 1266 2214 (29
1282 2131 1456 2212 Ribbeck.)
1468 2155 1475 2196 :

460 2240 609 2308 ‘Terenti
631 2265 752 2309 numne
777 2243 915 2309 similem
938 2244 1048 2310 dicent
1071 2240 1291 2330 quempiam?'

288 2355 398 2439 Atque
420 2355 473 2420 his
501 2355 582 2422 locis
614 2356 764 2422 omnibus
787 2356 920 2421 Terenti
943 2355 1046 2422 lectus
1077 2365 1175 2441 atque
1206 2355 1339 2442 elegans
1370 2377 1475 2422 sermo

286 2465 452 2534 laudatur.
474 2469 576 2534 Porro
602 2466 638 2532 O.
664 2466 788 2534 Caesar
812 2465 883 2553 (vit.
906 2491 940 2554 p.
963 2466 1015 2552 34,
1040 2465 1073 2553 7)
1098 2469 1145 2534 sic
1167 2468 1341 2534 iudicavit:

406 2574 472 2644 ‘Tu
495 2601 624 2665 quoque
646 2579 682 2646 in
704 2581 849 2663 summis,
873 2603 892 2645 o
916 2579 1085 2646 dimidiata
1107 2579 1299 2664 Menander,

412 2691 549 2758 Poue'ris
572 2699 605 2757 et
626 2692 753 2773 merito,
776 2693 851 2776 puri
874 2691 1033 2757 sermonis
1057 2701 1196 2758 amator.

411 2802 557 2868 Lenibus
580 2811 678 2887 atque
699 2804 825 2868 utinam
848 2804 977 2889 scriptis
1001 2804 1159 2870 adiuncta
1178 2804 1265 2870 foret
1284 2805 1335 2870 vis

413 2913 549 2982 Comica
570 2923 608 2981 ut
629 2924 769 3003 aequato
793 2916 898 2982 virtus
921 2915 1060 3004 polleret
1080 2916 1205 2982 bonore

411 3025 494 3090 Cum
517 3025 655 3120 Graecis
679 3049 762 3094 neve
784 3027 847 3096 bac
871 3028 1046 3114 despectus
1067 3037 1162 3113 parte
1182 3029 1319 3094 iaceres.

410 3137 522 3208 Unum
542 3139 606 3206 hoc
628 3161 779 3208 maceror
801 3162 842 3206 ac
865 3141 961 3208 doleo
983 3140 1044 3207 tibi
1067 3141 1176 3225 desse„
1195 3137 1346 3210 Terenti.'

283 3249 397 3318 Verba
427 3247 612 3344 ‘dimidiata
644 3247 836 3320 Menander'
872 3254 996 3340 primus
1033 3263 1123 3320 recte
1155 3254 1390 3341 interpretatus
1424 3262 1473 3319 est

282 3362 453 3428 Beckerus
466 3359 533 3448 (De
545 3363 746 3428 comicorum
757 3363 981 3430 Romanorum
992 3364 1114 3431 fabulis
1125 3374 1251 3451 quaest.
1264 3364 1368 3451 [Lips.
1379 3363 1474 3450 1837]

286 3496 318 3559 p.
343 3474 385 3538 82
412 3469 514 3558 not.):
542 3496 625 3562 puro
649 3498 801 3544 sermone
829 3476 1000 3564 aequalem
1033 3499 1107 3544 esse
1130 3477 1319 3544 Terentium
1342 3475 1472 3542 Graeco

285 3594 418 3671 poetae,
440 3608 509 3654 uon
529 3587 609 3654 item
630 3588 664 3652 vi
686 3610 726 3656 ac
740 3589 863 3656 virtute
877 3590 1020 3674 comica3
1044 3589 1087 3654 cf.
1109 3590 1212 3656 etiam
1230 3587 1386 3658 Ritschel.
1405 3587 1426 3652 l.
1443 3609 1472 3652 c.

281 3721 316 3784 p.
332 3697 522 3784 525.Neque
537 3700 714 3788 quicquam
729 3700 819 3768 aliud
832 3709 982 3787 spectare
993 3703 1169 3770 Horatium
1184 3702 1280 3788 epist.
1302 3701 1338 3768 Π
1361 3703 1389 3786 1,
1412 3699 1472 3764 59:

462 3809 610 3880 ‘vincere
634 3811 796 3880 Caecilius
818 3814 991 3900 gramtate,
1014 3813 1186 3882 Terentius
1209 3809 1287 3882 arte'
1407 3873 1408 3878 ,

280 3932 400 3992 notum
427 3933 489 3993 est.
517 3925 646 3994 Eodem
678 3926 778 3994 modo
808 3926 1076 4012 interpretandus
1103 3935 1154 3994 est
1181 3925 1277 3992 locus
1305 3924 1397 3992 Serv.
1428 3924 1471 3990 ad

282 4035 366 4104 Aen.
390 4037 408 4101 Ι
427 4034 502 4120 410,
526 4037 638 4125 quiin
660 4036 860 4124 explicanda
883 4038 1065 4106 differentia
1080 4037 1258 4106 verborum
1273 4032 1468 4104 ‘incusandi'

282 4156 315 4212 et
333 4143 536 4214 ‘accusandi'
559 4148 643 4216 haec
664 4149 808 4236 profert:
827 4145 875 4215 ‘et
896 4149 961 4216 hoc
983 4151 1193 4236 proprietatis
1215 4159 1276 4233 est,
1300 4148 1378 4216 licet
1390 4169 1471 4214 usus

280 4258 368 4325 male
389 4260 455 4328 ista
483 4270 682 4348 corrumpat.
714 4261 886 4330 sciendum
913 4271 1024 4330 tamen
1052 4270 1102 4327 est
1124 4261 1313 4330 Terentium
1335 4269 1472 4346 propter

385 4501 405 4569 ⁵)
422 4502 465 4554 De
483 4508 610 4570 suspects
628 4503 732 4556 Caecili
749 4504 900 4556 Latinitate
917 4501 980 4554 vids
998 4501 1070 4554 infra
1087 4516 1157 4567 quse
1175 4500 1382 4566 disputabimus.
