3360 5188
677 523 888 586 -33-

290 711 334 776 ib.
369 709 448 775 492:
477 707 636 778 ‘nondum
673 711 751 776 mihi
789 712 907 776 eredis·
954 713 1137 779 Heriolare.
1184 713 1241 780 Sin
1271 715 1372 782 fidem

181 823 256 890 do?
279 820 455 907 Fubulee'f
840 829 843 834 ’

293 935 336 1000 ib.
361 934 440 1000 573:
466 932 602 1021 ‘quaeso
632 937 731 1020 igitur
761 935 1018 1020 commorubare,
1042 937 1098 1002 ubi
1120 938 1155 1002 id
1178 936 1372 1022 audiveras’,

290 1047 334 1112 ib.
360 1045 438 1112 854:
469 1044 558 1112 ‘nim
590 1046 658 1112 sine
688 1049 916 1113 controversia
950 1048 992 1113 ab
1027 1049 1077 1114 dio
1107 1050 1196 1115 eolus
1226 1050 1372 1135 diligere,

182 1155 352 1246 Antipho',
1320 1167 1323 1176 “

290 1270 333 1336 ib.
358 1270 437 1334 871:
457 1268 583 1356 ‘quodi
607 1271 782 1352 Quodnam
805 1272 988 1338 arbitrere?
1011 1274 1139 1338 Nescio.
1164 1273 1264 1360 Atqui
1286 1277 1372 1342 miri-

180 1381 396 1465 ficiseimum’,
1144 1391 1146 1396 ’
1167 1450 1169 1455 ,

289 1496 369 1559 Hee.
395 1494 452 1558 70:
472 1493 610 1561 ‘hiscine
635 1506 671 1560 tu
693 1496 811 1561 amabo
836 1499 902 1560 nou
926 1506 1042 1561 eontra
1065 1495 1283 1579 insidia'bere',

289 1609 333 1673 ib.
367 1608 445 1673 213:
475 1605 524 1672 ‘tu
558 1608 628 1673 sole
657 1631 802 1691 exorere,
838 1610 922 1694 quae
949 1607 1119 1693 perturbes
1142 1608 1224 1673 haee
1257 1609 1372 1674 tuuin-

184 1718 362 1808 potiemini,
1355 1797 1357 1806 Ι

290 1833 332 1898 ib.
358 1831 436 1896 293:
455 1829 548 1917 ‘quid
571 1831 742 1897 consolare
765 1831 841 1897 me?
872 1834 913 1897 eiu
937 1833 1109 1917 quisquam
1132 1854 1271 1917 usquam
1294 1835 1370 1918 gen·

184 1947 304 2009 tiumst
323 1949 423 2030 aeque
447 1941 565 2028 miser',
1130 1949 1132 1956 ⁴

290 2055 333 2121 ib.
357 2054 436 2120 339:
470 2053 571 2121 ‘nuno
604 2056 648 2120 ud
676 2079 749 2122 eom
776 2059 892 2121 visum.
935 2057 1037 2140 Hem,
1077 2057 1236 2124 Sostrata.
1275 2058 1370 2122 Hem.

188 2171 310 2233 Iterum
332 2171 429 2233 istinc
453 2165 647 2250 excludere',

289 2281 334 2346 ib.
357 2281 437 2344 427:
451 2280 553 2367 ‘quod
575 2283 662 2346 nime
684 2282 834 2346 minitare
857 2281 964 2345 feioere
988 2291 1024 2344 ut
1047 2280 1185 2363 faceres,
1210 2277 1325 2364 Sosiu',
1367 2337 1370 2344 .

290 2393 334 2458 ib.
358 2392 438 2458 676:
458 2391 529 2459 ‘aut
552 2395 630 2478 quid
656 2395 697 2458 sit
713 2394 748 2458 id
764 2394 852 2478 quod
868 2393 1042 2458 sollioi‘rere
1056 2394 1101 2459 ad
1116 2393 1202 2458 huno
1217 2389 1370 2472 modum,

288 2504 332 2569 ib.
358 2504 436 2570 755:
470 2503 660 2590 ‘polliceare
682 2505 757 2570 iliis.
793 2505 891 2590 exple
925 2505 1068 2570 animum
1103 2506 1149 2568 eir
1183 2508 1280 2590 teque
1307 2504 1371 2569 hoo

179 2618 321 2682 erimine
344 2615 483 2703 expedi,

289 2730 333 2796 ib.
359 2728 524 2795 7641‘fn0
548 2731 665 2796 eadem
686 2739 723 2793 ut
745 2732 790 2794 sis
813 2730 928 2814 porro:
952 2738 1065 2794 nostre
1087 2732 1178 2795 utere
1201 2730 1355 2810 amicitia,

181 2845 218 2906 ut
242 2839 356 2924 voles',

289 2955 352 3020 Ad.
378 2954 456 3019 136:
476 2952 653 3020 ‘irascerer
674 2953 727 3020 An
749 2977 817 3020 non
840 2953 973 3020 eredis?
994 2964 1130 3039 repeton
1155 2955 1249 3039 quem
1274 2952 1372 3037 dedi’,

289 3070 332 3133 ib.
359 3067 437 3134 181:
456 3065 547 3132 ‘nam
572 3069 598 3132 si
612 3067 769 3132 molestus
785 3069 894 3152 pergis
919 3089 1000 3149 esse,
1023 3067 1089 3130 iem
1103 3067 1188 3130 intro
1206 3066 1368 3153 abripiere

182 3186 281 3268 etque
304 3177 368 3264 ibi,

288 3293 332 3358 ib.
358 3291 435 3356 1822
466 3288 584 3377 ‘usque
619 3291 662 3356 ed
694 3312 809 3354 necem
844 3292 988 3375 operiere
1022 3288 1110 3354 loris,
1146 3290 1243 3354 Loris
1266 3289 1371 3356 liber?

179 3407 239 3472 Sic
264 3402 342 3489 erit'7

285 3518 329 3582 ib.
353 3515 435 3582 224:
468 3514 545 3578 dum
568 3515 644 3579 huie
668 3513 860 3599 obsequere.
889 3514 1057 3598 praeterea
1081 3522 1190 3578 autem
1218 3524 1251 3580 te
1275 3516 1373 3581 'aiunt

179 3629 349 3716 proficisci
371 3627 528 3715 Cyprum.
552 3623 657 3710 Hem,

287 3741 330 3808 ib.
354 3739 432 3804 512:
453 3738 520 3806 ‘fae
544 3739 723 3806 consolere.
748 3760 808 3822 ego
832 3737 1018 3820 Micionem,
1042 3738 1069 3802 si
1094 3738 1182 3822 opud
1204 3734 1365 3822 forumst',

287 3853 331 3918 ib.
354 3852 433 3918 685:
456 3855 490 3918 in
513 3876 577 3939 qua
601 3854 734 3918 oivitete
757 3850 890 3916 tandem
912 3859 945 3914 te
970 3849 1128 3915 erbitrare
1151 3846 1281 3934 vivere,

285 3965 330 4031 ib.
354 3963 431 4028 726:
450 3961 538 4044 ‘oho‚
564 3967 628 4029 sois
651 3974 683 4028 et
705 3963 841 4049 patere?
866 3961 988 4043 Quidni
1021 3963 1151 4047 patiar?
1181 3963 1245 4026 Die
1268 3959 1367 4046 mihi’,

287 4077 331 4142 ib.
355 4075 435 4142 850:
454 4073 554 4141 ‘nune
579 4076 657 4141 mihi
672 4076 784 4140 videre
808 4079 932 4161 supere.
950 4085 1047 4163 atque
1071 4074 1223 4161 equidem
1245 4072 1370 4156 fllium',

286 4189 330 4254 ib.
354 4189 433 4253 888:
453 4187 530 4253 ‘hoe
553 4191 699 4253 verumst
723 4198 773 4252 est
795 4189 869 4274 ipsa
898 4211 933 4252 re
965 4189 1133 4272 experiere
1159 4183 1372 4272 propediem,

286 4299 330 4364 ib.
355 4298 434 4364 891:
454 4299 487 4365 ‘o
513 4302 566 4385 qui
589 4300 734 4365 vocure?
764 4298 858 4364 Geta.
885 4297 982 4381 (ieta,
1012 4299 1177 4364 hominem
1206 4294 1371 4364 mexumi'.

287 4411 414 4494 Quibus
442 4413 525 4477 loeis
551 4414 700 4479 omnibus
727 4413 861 4477 oodioee
883 4433 951 4476 non
975 4412 1172 4497 discrepant,
1197 4413 1258 4477 nisi
1283 4411 1372 4497 quod

177 4523 213 4588 G
230 4523 315 4588 Eun.
340 4525 402 4588 212
421 4521 584 4610 ‘paciaris'
612 4527 809 4609 (correctum
824 4526 856 4589 in
875 4519 1028 4610 ‘periure'
1047 4545 1134 4590 man.
1153 4525 1229 4602 seo.)
1249 4531 1281 4588 et
1302 4519 1367 4587 'Au

1208 4641 1246 4692 δί’
