3360 5188
788 480 1001 545 „58-

297 693 398 739 aurea
413 672 545 756 linguae
568 671 691 735 latinae
714 679 822 734 aetate
844 692 911 735 non
926 670 1140 754 reperiuntur,
1159 668 1216 734 sed
1239 678 1355 756 postea
1378 669 1486 736 denuo

297 788 332 851 in
353 785 582 862 litteratorum,
599 783 654 868 qui
666 783 870 867 antiquitatis
895 783 1039 867 speeiem
1061 804 1127 846 non
1151 783 1315 866 affectant,
1339 803 1487 848 sermone

297 904 461 982 apparent
485 895 540 975 (of.
562 894 653 958 Neue
676 891 725 958 11²
747 891 837 975 449),
876 893 962 959 unde
997 916 1052 959 eas
1087 895 1121 957 in
1156 917 1304 960 sermone
1333 893 1487 980 populari

299 1029 426 1093 semper
447 1007 608 1071 mansisse
631 1003 747 1070 elucet.
771 1002 838 1068 Sed
859 1025 964 1090 neque
986 1005 1075 1088 apud
1097 1005 1250 1070 Plautum
1272 1027 1377 1091 neque
1399 1002 1489 1096 apud

298 1119 488 1184 Terentium
510 1117 573 1182 hae
595 1116 722 1182 formae
746 1116 836 1181 solae
859 1115 1065 1180 adhibentur.
1112 1115 1201 1197 Quid
1235 1117 1323 1202 quod
1352 1115 1487 1181 Plautus

295 1241 472 1317 utramque
507 1231 647 1295 formam
679 1231 714 1293 in
745 1250 810 1292 uno
845 1228 1025 1312 eodemque
1064 1250 1163 1293 versu
1201 1227 1367 1314 verboque
1389 1228 1490 1293 habet

296 1343 392 1408 Pers.
418 1339 477 1404 15:

292 1478 336 1544 ‘is
350 1481 400 1544 est
415 1479 572 1564 profecto.
582 1478 669 1542 Eum
681 1480 753 1543 esee
767 1479 892 1564 opinor.
909 1476 1121 1564 Congrediar.
1136 1476 1259 1543 Contra
1271 1473 1488 1562 adgredibor'.

399 1589 508 1677 Atque
531 1591 701 1655 Terentius
723 1590 841 1655 habet:

293 1699 414 1768 'scibo’
439 1703 523 1768 Eun.
549 1701 621 1785 726,
645 1703 727 1767 Heo.
751 1699 824 1785 246,
849 1701 912 1766 Ad.
929 1699 1003 1775 361,
1021 1699 1100 1785 780,
1120 1698 1244 1765 ‘seiam'
1269 1723 1430 1786 nusquam
1446 1699 1486 1781 ³³)

460 1813 587 1899 legitur.
1162 1853 1164 1858 ·

294 1922 416 1992 ‘scibis’
442 1926 526 1991 Eun.
550 1923 615 1988 805
640 1923 827 2009 (A‘seies')‚
852 1927 954 1991 Haut.
969 1924 1051 2008 9963
1074 1922 1177 1991 ‘acies'
1202 1925 1306 1990 Andr.
1324 1923 1396 2008 116,
1412 1922 1487 2006 536,

454 2036 527 2121 585,
561 2039 645 2103 Eun.
669 2037 742 2122 663,
781 2038 881 2103 Haut.
905 2037 956 2120 95,
980 2037 1053 2119 331,
1076 2036 1149 2119 612,
1186 2038 1316 2102 Phorm.
1341 2036 1392 2119 58,
1415 2035 1489 2120 995,

451 2150 573 2236 ubique
595 2153 629 2215 in
646 2150 712 2215 fine
734 2173 849 2215 versus
873 2159 1011 2235 excepto
1034 2149 1136 2215 Haut.
1160 2148 1233 2216 972.

293 2258 413 2330 ‘scibit'
438 2261 568 2327 Phorm.
592 2259 670 2346 765,
704 2257 807 2327 ‘sciet'
843 2260 972 2326 Phorm.
1005 2258 1078 2344 584,
1105 2257 1230 2326 ‘scient'
1255 2262 1337 2326 Heu.
1362 2259 1424 2328 868
1452 2264 1488 2326 in

457 2376 521 2440 fine
544 2397 669 2440 versus.

295 2485 450 2554 ‘servibo'
476 2489 560 2552 Heo.
584 2485 657 2550 495.

295 2595 492 2686 ‘opperibor'
529 2598 631 2663 Haut.
661 2596 741 2681 6193
775 2595 948 2684 ‘opperiar'
973 2597 1080 2667 Andr.
1110 2597 1183 2682 235,
1217 2593 1389 2682 ‘experiar'
1421 2595 1486 2660 Ad.

455 2707 529 2793 350,
557 2708 631 2772 497.

296 2816 511 2908 ‘opperibere'
547 2822 648 2885 Haut.
683 2819 756 2904 833,
790 2816 1004 2906 ‘experibere’
1039 2820 1142 2885 Haut.
1165 2819 1230 2885 824
1265 2823 1310 2901 (in
1333 2821 1397 2886 fine
1421 2843 1490 2885 ver·

462 2933 589 3016 suum)3
608 2929 798 3018 ‘experiere’
825 2931 888 2997 Ad.
912 2930 985 2996 888.

405 3046 579 3110 Praeterea
603 3046 726 3110 formae
749 3045 902 3129 volgares
926 3044 1095 3129 leguntur:

295 3154 447 3224 ‘veniam'
467 3157 569 3222 Haut.
584 3151 850 3237 728‚‘inveniam’
868 3157 953 3220 Eun.
970 3154 1043 3238 719,
1061 3153 1245 3241 ‘reperiam'
1264 3155 1394 3221 Phorm.
1412 3154 1487 3238 235,

451 3264 618 3353 raperiam'
643 3268 726 3332 Hee.
743 3266 816 3349 628,
836 3264 1032 3352 ⁹expediam'
1051 3267 1181 3333 Phorm.
1198 3267 1270 3348 238,
1294 3267 1398 3333 Andr.
1414 3266 1493 3348 617,

451 3375 604 3445 ‘adoriar'
629 3378 760 3444 Phorm.
784 3376 857 3462 605,
878 3375 1074 3464 ‘adgrediar'
1100 3380 1181 3445 Heu.
1207 3378 1279 3442 731.
1360 3375 1362 3380 ’

296 3488 430 3562 ‘venies'
455 3492 542 3556 Eun.
565 3489 617 3574 53,
637 3486 804 3556 ‘invenies'
828 3489 932 3556 Andr.
949 3488 1022 3573 571,
1040 3491 1113 3574 863,
1127 3488 1290 3575 ‘reperies'
1314 3492 1398 3556 Heu.
1414 3489 1490 3574 843,

451 3591 594 3668 ‘audies'
619 3602 723 3667 Andr.
745 3600 798 3687 48,
839 3601 911 3686 103,
949 3601 1023 3686 854,
1047 3603 1131 3668 Eun.
1156 3601 1230 3680 571,
1264 3604 1394 3670 Phorm.
1417 3601 1492 3685 219,

457 3715 530 3798 359,
548 3712 611 3778 765
627 3714 687 3798 (7),
710 3713 814 3780 Andr.
831 3711 904 3798 579,
928 3715 1011 3780 Hee.
1030 3714 1089 3777 177
1114 3715 1231 3802 quibus
1255 3714 1384 3781 duobus
1410 3715 1492 3780 loeis

456 3827 643 3893 novissimis
674 3829 821 3912 exceptis
849 3826 971 3912 ubique
999 3828 1033 3892 in
1062 3827 1128 3892 fine
1155 3849 1280 3910 versus,
1305 3822 1485 3913 ‘expedies'

460 3939 562 4005 Andr.
580 3938 653 4021 617,
678 3939 760 4003 Hee.
783 3936 857 4019 291,
875 3934 1044 4024 ‘operiere'
1070 3938 1135 4006 Ad.
1159 3939 1231 4003 182.

297 4048 427 4118 ‘veniet'
452 4053 554 4117 Haut.
570 4049 644 4133 553,
668 4048 740 4132 725,
762 4050 847 4116 Hee.
863 4048 937 4133 335,
954 4048 1028 4133 442,
1055 4050 1119 4117 Ad.
1136 4049 1209 4133 340,
1234 4049 1307 4134 759,
1326 4043 1490 4115 ‘inveniet'

459 4163 562 4229 Andr.
586 4161 659 4246 396,
679 4158 872 4228 ‘conveniet'
890 4162 1020 4227 Phorm.
1037 4161 1090 4246 53,
1101 4159 1251 4228 ‘eveniet'
1269 4162 1401 4227 Phorm.
1417 4159 1490 4242 251,

455 4271 586 4341 ‘audiet’
616 4273 720 4339 Andr.
743 4271 817 4356 920,
847 4270 985 4340 ‘sentiet'
1011 4275 1096 4339 Eun.
1120 4274 1172 4357 66,
1195 4276 1297 4339 Haut.
1319 4272 1393 4355 488,
1418 4269 1491 4354 752,

309 4423 513 4442 ---—-··-÷-·--·

410 4497 565 4568 ³⁵)1uiam
584 4499 740 4550 observavit
757 4499 889 4550 Daiatzko
907 4497 958 4551 Ad.
977 4499 1010 4548 83
1029 4499 1058 4547 in
1077 4497 1235 4562 appendice.
