3360 5188
818 419 1030 484 „25-

333 610 496 679 Fleckeis.
520 609 632 677 OXIII
670 610 778 695 [1876]
804 609 888 692 421).
918 609 985 676 Sed
1007 610 1125 675 eadem
1146 607 1257 674 lexet
1225 609 1325 675 etiam
1347 611 1388 676 de
1409 611 1517 677 forma

328 721 502 790 sinistera'
526 724 632 789 valet:
667 725 774 788 forma
809 723 896 787 enim
928 721 1101 806 trisyllaba
1134 722 1242 788 medio
1278 745 1375 788 versu
1397 723 1518 808 legitur

333 835 494 902 Ε1111.775
510 847 542 902 θῖ
557 837 620 902 Ad.
637 835 846 919 582,1111111θ
869 845 979 900 autem
993 857 1108 900 versus
1125 844 1241 901 contra
1258 857 1369 901 omncs
1386 837 1518 902 codices

336 951 524 1015 necessario
550 949 759 1015 scribendum
781 957 831 1013 est
854 947 938 1012 Eun.
963 945 1041 1012 835:
1061 943 1279 1013 ‘sinisteram'.

438 1113 468 1178 2.
491 1114 544 1178 Βθ
566 1113 749 1179 masculino
780 1109 920 1178 ‘alacris'
950 1113 1047 1193 (Eun.
1072 1111 1150 1177 304:
1170 1111 1263 1200 ‘quid
1296 1125 1331 1180 tu
1354 1138 1388 1179 cs
1417 1115 1518 1179 tristis

337 1223 395 1306 [sc.
419 1223 606 1308 Chaereall
630 1225 749 1312 quidve
772 1248 807 1289 cs
831 1223 1000 1302 alacrisl’)
1024 1226 1066 1291 cf.
1085 1224 1177 1292 Serv.
1202 1227 1245 1294 ad
1268 1227 1351 1292 Aen.
1374 1227 1423 1292 VI
1438 1225 1516 1290 685:

329 1331 513 1402 ‘sciendum
546 1338 699 1423 antiquos
723 1346 755 1401 θῖ
780 1336 899 1401 alacris
923 1346 955 1400 et
977 1336 1088 1403 alacer
1121 1347 1154 1403 et
1177 1339 1263 1402 acris
1297 1349 1329 1403 θῖ
1352 1361 1428 1404 acer
1450 1349 1519 1403 tam

334 1448 375 1513 de
390 1449 571 1514 masculino
589 1472 686 1536 quam
702 1449 743 1515 de
758 1449 915 1514 feminino
932 1471 1050 1534 genero
1070 1449 1214 1533 dixissc3
1238 1472 1344 1515 nunc
1366 1473 1518 1516 mascu-

333 1561 418 1626 lino
441 1570 656 1648 utrumque
690 1561 848 1644 damus,
883 1561 925 1626 de
947 1561 1103 1626 feminino
1139 1561 1250 1627 alacer
1273 1572 1306 1627 et
1329 1584 1406 1628 acer
1427 1585 1518 1627 num-

335 1696 433 1759 quam
456 1669 613 1739 dioimus.'
657 1671 759 1758 Apud
780 1672 962 1757 Vergilium
996 1682 1106 1738 autem
1132 1672 1154 1737 l.
1178 1694 1207 1738 c.
1226 1669 1361 1739 ‘alacris
1391 1673 1517 1759 palmas

332 1796 487 1870 utrasque
510 1780 656 1850 tetendit'
681 1785 723 1850 de
746 1783 892 1849 Anchisa
916 1785 1045 1849 dicitur.
1100 1772 1102 1776 ’

436 1948 466 2011 3.
500 1946 710 2012 Adiectivum
749 1942 883 2012 ‘hilaris'
922 1969 980 2028 per
1016 1957 1121 2013 totam
1160 1948 1375 2014 Latinitatem
1416 1949 1517 2014 fuisse

334 2059 533 2132 adiectivum
556 2059 645 2144 quod
667 2059 787 2124 dicitur
810 2057 983 2124 abundans
1006 2069 1120 2124 notum
1144 2070 1203 2144 est,
1228 2059 1270 2124 of.
1286 2060 1377 2126 Neue
1402 2061 1450 2125 ΙΙ2
1467 2059 1517 2124 87.

333 2171 442 2257 Atque
475 2173 509 2235 in
532 2171 686 2235 Terentio
720 2170 771 2234 his
806 2169 925 2255 legitur
957 2168 1058 2235 locis:
1096 2171 1160 2236 Ad.
1185 2170 1265 2235 756:
1296 2168 1451 2238 ‘hilarum
1480 2175 1518 2234 dc

332 2282 498 2349 lubentem
520 2284 573 2348 fac
588 2293 620 2348 tc
636 2285 727 2368 gnati
749 2285 782 2348 in
805 2278 934 2368 nbptiis'
962 2279 1131 2364 (‘hilarem⁷
1156 2282 1351 2367 DEF1G),
1374 2285 1419 2350 ib.
1436 2283 1515 2347 842:

329 2392 441 2462 ‘hodic
470 2395 568 2461 modo
602 2395 742 2460 hilarum
764 2395 818 2459 fac
841 2391 893 2459 te'.
931 2394 980 2458 lb.
1005 2393 1067 2458 287
1091 2395 1223 2460 codices
1251 2395 1427 2481 praebent:
1458 2392 1518 2460 ‘ita

334 2512 472 2594 quaeso:
508 2508 639 2594 quando
663 2507 725 2572 hoc
749 2506 833 2573 bene
857 2508 1027 2590 successit,
1061 2506 1198 2572 hilarem
1231 2507 1319 2572 bunc
1353 2512 1519 2574 sumamus

335 2616 440 2686 diem?
488 2620 669 2685 Palmerius
694 2629 726 2685 et
746 2620 925 2703 Bentleius,
961 2643 1043 2707 quos
1066 2629 1197 2706 praeter
1218 2619 1519 2706 Umpfenbachium

335 2755 447 2797 omnes
465 2732 606 2797 editores
624 2734 725 2796 secuti
750 2741 824 2796 sunt
846 2732 987 2797 formam
998 2728 1134 2814 ‘hilaria
1159 2727 1182 2796 θ’
1201 2753 1222 2796 a
1237 2732 1390 2798 Terentio
1406 2742 1519 2818 utpote

334 2844 376 2910 ab
393 2844 480 2910 illius
497 2854 605 2909 aetate
621 2843 763 2908 alienam
779 2843 913 2910 exulare
929 2843 1078 2910 iubentes
1094 2853 1208 2908 nostro
1224 2842 1298 2909 loco
1323 2844 1515 2909 adverbium

330 2953 455 3022 ‘hilare'
480 2959 692 3022 restituerunt
713 2955 843 3021 collatis
866 2956 973 3021 Plaut.
989 2956 1088 3042 Epid.
1117 2954 1178 3039 12,
1195 2953 1238 3018 54
1267 2954 1374 3036 (158):
1393 2952 1520 3022 ‘eamus

334 3071 419 3134 intro
443 3069 507 3133 huc
526 3069 570 3135 ad
599 3077 642 3151 ῖθ,
666 3078 702 3133 ut
724 3067 811 3133 hunc
833 3068 932 3134 hodic
963 3070 1050 3135 diem
1071 3070 1235 3136 luculente
1256 3064 1444 3136 habeamus'
1473 3071 1521 3148 (at

336 3179 496 3246 Goetzius
515 3176 751 3260 ‘luculentum’)
778 3189 809 3245 et
824 3181 944 3246 Pseud.
970 3181 1069 3246 1268:
1089 3179 1189 3246 ‘hunc
1212 3181 1299 3248 diem
1321 3183 1520 3266 sumpsimus

335 3289 527 3379 prothyme'.
566 3293 633 3360 Sed
655 3294 796 3379 primum
818 3292 1013 3358 adverbium
1035 3296 1221 3360 necessario
1245 3315 1313 3358 non
1334 3294 1518 3379 requiritur,

333 3428 411 3470 nam
444 3404 521 3469 licet
557 3404 758 3470 concedatur
790 3403 975 3469 Bentleium
1007 3413 1095 3470 recte
1129 3415 1244 3472 contra
1278 3407 1428 3490 codices,
1464 3405 1520 3489 qui

331 3511 489 3582 ‘hilarem'
514 3514 685 3602 praebent,
709 3516 880 3601 scripsisse
902 3514 1009 3582 Plaut.
1032 3516 1132 3582 Poen.
1155 3517 1188 3581 V
1203 3517 1233 3601 6,
1258 3516 1299 3582 30
1319 3516 1450 3600 (1351):
1470 3513 1520 3580 ‘ut

334 3628 420 3693 huno
443 3628 563 3692 festum
579 3628 666 3693 diem
680 3626 861 3692 habeamus
877 3626 991 3710 hilare,
1014 3629 1111 3694 huius
1126 3628 1214 3695 malo
1231 3640 1264 3696 et
1279 3639 1391 3695 nostro
1408 3626 1518 3710 bono’,

335 3750 444 3806 tamen
466 3739 585 3825 legitur
601 3743 635 3805 in
647 3741 722 3805 Ter.
739 3738 804 3805 Ad.
821 3738 894 3824 521,
920 3763 1017 3826 quem
1031 3740 1141 3806 locum
1158 3764 1270 3808 omncs
1287 3719 1519 3826 neglexerunt:

330 3849 421 3918 ‘nam
443 3853 530 3918 hunc
553 3853 639 3918 diem
662 3854 780 3918 misere
801 3853 899 3918 nimia
916 3854 1025 3938 cupi0,
1048 3862 1085 3918 ut
1100 3855 1205 3938 coepi,
1228 3861 1472 3939 perpetuom
1487 3853 1520 3915 in

333 3964 459 4030 laetitia
492 3961 629 4048 degere?
678 3963 805 4045 Quodsi
842 3965 959 4030 deinde
982 3965 1150 4030 Bentleius
1184 3965 1325 4031 formam
1359 3967 1392 4029 in
1424 3965 1465 4028 ·is
1499 3987 1519 4026 a

336 4079 539 4142 comicorum
577 4085 685 4142 aetate
722 4076 864 4142 alienam
900 4085 1010 4162 putat,
1049 4076 1149 4142 Poen.
1184 4077 1205 4144 l.
1239 4100 1267 4143 c.
1301 4080 1336 4144 in
1369 4079 1520 4145 omnibus

340 4187 433 4252 libris
477 4210 554 4252 mm.
593 4185 780 4270 ‘(h)ilarem‘'
818 4199 850 4254 et
876 4188 976 4252 Most.
1000 4187 1062 4252 318
1103 4185 1241 4270 ‘(h)ilari
1277 4187 1415 4274 ingenio'
1454 4189 1520 4274 legi

337 4301 513 4366 dicendum
536 4311 596 4366 est.
631 4301 703 4368 Sed·
720 4302 814 4385 gravi
843 4321 972 4386 quoque
994 4301 1179 4366 testimonio
1203 4301 1376 4368 lectionem
1394 4298 1517 4367 ‘hilare'

335 4412 481 4479 defendit
495 4411 673 4478 Bentleius.
697 4414 819 4478 Exstat
841 4413 927 4476 enim
948 4410 984 4478 in
1004 4409 1131 4476 Charis.
1155 4434 1187 4496 p.
1204 4410 1277 4497 200,
1302 4412 1343 4477 15
1357 4413 1405 4478 K:
1425 4409 1519 4480 ‘hila-
