3360 5188
646 467 859 532 *25-

261 660 507 726 Nominativum
535 652 654 722 ‘tomis'
679 658 711 722 in
736 657 839 723 altero
875 659 966 724 exitu
989 657 1093 724 Andr.
1116 656 1194 723 v.4
1226 657 1344 723 Flook-

158 773 299 838 eisanius
322 781 354 836 ot
378 769 571 855 Spengelius
595 769 811 854 seripserunt3
833 771 868 835 in
891 769 983 836 libris
1013 780 1079 836 ast:
1107 767 1212 854 ‘perii
1235 770 1347 851 Dave:

158 885 199 950 de
221 905 294 948 meo
324 905 436 948 amore
469 904 509 947 aa
532 884 602 947 vita
625 904 697 946 sors
731 877 876 946 tollitur'.
922 881 972 947 Ao
995 881 1104 948 forma
1132 878 1254 947 ‘sortis'
1280 905 1345 949 uno

156 1005 284 1061 tantum
306 995 379 1061 loeo
404 1005 514 1061 exstat
536 996 642 1060 Plaut.
667 993 743 1061 Cas.
767 995 801 1061 Il
824 994 853 1080 6,
877 995 919 1060 28
945 995 1035 1077 (271)
1065 1005 1149 1062 teste
1176 995 1346 1061 Prisciano

162 1104 286 1191 (1320,
311 1106 330 1170 7
353 1107 413 1188 Η).
460 1105 528 1172 Sed
561 1129 666 1192 neque
689 1107 879 1174 Terentium
912 1131 952 1174 ea
974 1131 1111 1174 usurum
1143 1107 1245 1174 fuisse
1268 1117 1346 1193 puto

157 1243 264 1308 neque
287 1242 370 1305 eum,
395 1220 448 1284 oui
463 1218 546 1284 alter
562 1221 670 1286 exitus
688 1220 833 1304 debetur,
859 1244 933 1287 earn
948 1219 1139 1286 adhibuisse
1155 1241 1349 1306 persuasum

121 1389 123 1394 .
157 1332 275 1398 habeo.
319 1331 392 1398 Iam
415 1329 566 1418 Guyetus
599 1341 635 1395 ut
657 1354 790 1396 versum
813 1329 958 1396 efficeret
980 1333 1117 1397 inseruit
1134 1327 1242 1400 ‘nuno'
1269 1341 1345 1397 ante

152 1440 259 1528 'sors',
284 1443 471 1530 Wagnerus
504 1439 610 1508 ‘iam':
644 1453 818 1532 utrumque
856 1442 945 1530 quod
979 1443 1111 1530 quidem
1144 1445 1187 1510 ad
1218 1466 1349 1509 sensum

157 1557 317 1623 enuntiati
340 1557 457 1620 attinet
479 1564 604 1641 aptum.

260 1669 361 1733 Porro
381 1663 483 1732 ‘itere'
509 1690 568 1753 pro
587 1664 723 1734 ‘itinera'
742 1669 874 1756 scripsit
889 1667 1057 1734 Bentleius
1074 1668 1174 1733 Haut.
1191 1666 1253 1730 271
1279 1669 1348 1732 sine

53 1798 59 1810 ‘
157 1803 260 1846 causa
296 1782 496 1863 necessaria,
521 1789 553 1845 et
583 1779 714 1844 Phorm.
745 1778 819 1863 566,
850 1803 914 1866 quo
945 1779 1029 1861 loco,
1059 1802 1100 1846 no
1131 1761 1274 1844 ‘itinere‘
1294 1779 1350 1842 sit

156 1892 447 1976 pronuntiandum,
483 1913 559 1956 eum
588 1889 818 1956 Fleckeisenio
849 1890 1060 1957 scribendum
1088 1899 1152 1955 est:
1183 1886 1263 1976 ‘qua
1294 1891 1349 1954 via

159 2007 247 2068 istae
265 2000 389 2068 facien?
411 2002 532 2067 Dicam
547 2003 581 2067 in
595 2003 727 2085 ttinere3
749 2001 826 2069 hino
840 2002 940 2068 modo
964 2012 997 2069 to
1013 1997 1135 2068 tmova’
1164 2003 1223 2082 (se.
1238 2000 1348 2067 verbis

158 2113 361 2197 novissimis,
399 2137 484 2200 quaa
527 2114 660 2180 codices
697 2113 856 2200 praebent
890 2112 1002 2180 ‘modo
1039 2124 1072 2180 te
1109 2114 1185 2181 hine
1222 2109 1346 2179 amove'

158 2225 392 2312 transpositis).
415 2225 468 2292 Do
489 2227 583 2292 vocis
611 2249 674 2292 usu
696 2226 847 2294 Plautino
877 2226 920 2293 ef.
954 2225 1101 2293 570101Ω
1124 2226 1196 2292 188.

496 3003 695 3080 NOMINA
721 3005 936 3082 ADIEOTI
975 3006 1019 3081 A.

263 3238 292 3302 l.
316 3237 515 3304 Ritsohalius
539 3237 752 3323 op.1v174:
771 3235 957 3322 ‘„dextra“'
982 3239 1087 3326 inquit
1103 3235 1258 3305 ‘formam
1274 3261 1347 3306 oum

158 3349 298 3434 pristina
332 3359 425 3415 aetas
460 3349 625 3436 probavit,
661 3359 730 3415 tum
763 3353 862 3415 tertia
896 3350 1029 3418 adultae
1056 3350 1204 3436 lingua03
1239 3353 1348 3418 media

157 3470 268 3526 aetate
290 3460 464 3546 trisyllaba
480 3461 587 3526 forma
601 3463 753 3548 regnavit
775 3462 857 3546 sola,
879 3472 917 3527 ut
938 3463 1027 3548 apud
1042 3463 1195 3530 Plautum
1216 3464 1347 3550 ubique,

162 3593 261 3658 quarn
284 3575 384 3638 tertia
406 3575 513 3659 poetis
536 3582 665 3639 tantum
687 3571 858 3640 eoncessit’
887 3575 942 3656 (of.
960 3597 1012 3661 op.
1028 3577 1063 3641 Π
1085 3575 1159 3662 523,
1184 3575 1269 3654 673).
1294 3578 1345 3642 De

158 3685 242 3754 loeis
257 3683 419 3750 Plautinis
444 3684 595 3750 omnibus
619 3686 654 3750 id
676 3709 744 3750 non
765 3686 876 3751 valere
898 3686 1136 3753 demonstravit
1159 3687 1346 3772 Muellerus,

158 3797 316 3862 additam.
334 3796 378 3862 ad
392 3819 481 3882 pros.
498 3796 604 3863 Plaut.
623 3820 654 3883 p.
680 3798 715 3881 13
732 3798 905 3864 Terentius
922 3810 1030 3865 autem
1054 3803 1092 3866 in
1108 3800 1192 3864 fine
1207 3820 1349 3864 versus

153 3904 313 3974 ‘dextera’
334 3907 452 3990 (Andr.
466 3908 539 3992 734,
557 3907 630 3992 751,
645 3909 730 3974 Ε11.
748 3908 834 3993 775),
858 3913 896 3975 ἰ1
919 3911 1048 3976 medio
1071 3932 1191 3975 versu
1208 3907 1348 3975 ‘dextra'

162 4019 276 4100 (Haut.
313 4017 397 4104 493,
430 4017 508 4103 733,
540 4019 604 4085 Ad.
635 4020 715 4105 583,
753 4020 858 4087 Andr.
890 4021 965 4104 289)
1005 4023 1104 4104 dixit,
1141 4022 1229 4087 unda
1258 4030 1350 4108 patet

157 4134 313 4200 Terentio
344 4127 504 4198 ‘dextera'
530 4132 635 4198 fuisse
668 4133 810 4200 formam
845 4135 1073 4220 antiquiorem,
1108 4155 1206 4219 quam
1229 4135 1261 4198 in
1284 4134 1349 4198 fine

160 4255 289 4311 tantum
310 4265 427 4309 versus
450 4243 584 4310 iambici
607 4245 669 4310 sibi
685 4245 822 4311 indulsit
839 4241 958 4310 ‘novus
975 4242 1094 4331 poeta'.
1118 4245 1243 4330 Legem
1258 4246 1349 4311 illam

160 4357 395 4423 Terentianam
417 4355 515 4421 video
538 4357 604 4421 iam
629 4355 827 4422 observasse
851 4355 891 4422 Ο.
907 4357 1132 4440 Brugmanum
1154 4359 1187 4422 in
1210 4380 1350 4424 censura

160 4469 341 4534 editionum
357 4466 504 4534 Andriae
519 4492 540 4534 a
555 4467 737 4534 Meissnaro
764 4479 796 4534 et
813 4468 987 4556 Spengelio
1012 4479 1201 4536 auratarum
1217 4468 1349 4547 (Annal.
