3360 5188
672 463 885 532 ,ῆ-

185 645 316 748 oportet
350 656 587 725 adulescentuli
626 652 747 739 cansa,
785 654 889 720 Andr.
922 653 1001 718 466:
1031 651 1169 720 ‘bonum
1206 655 1372 738 ingenium

184 795 300 838 narras
338 763 578 850 adulescentis',
616 766 746 832 Phorm.
782 765 860 829 731:
894 763 956 831 ‘ita
989 774 1117 851 patrem
1150 765 1371 831 adulescentis

184 885 275 949 facta
296 883 379 947 haec
403 880 543 946 tolerare
566 879 665 944 audio
688 874 855 944 violenter'
880 879 937 943 alii
960 877 1063 944 multi.

288 992 382 1073 Quae
405 1015 480 1058 cum
502 993 549 1057 ita
573 993 647 1073 sint,
684 1011 790 1075 neque
820 1010 881 1073 ego
915 989 1040 1054 formas
1070 989 1246 1054 distractas
1269 1011 1289 1053 a
1311 988 1373 1054 Te·

184 1110 288 1172 rentio
313 1104 502 1171 abiudicare
526 1102 649 1170 dubito.
695 1099 849 1168 Ceterum
870 1112 1002 1188 praeter
1023 1102 1175 1185 Ennium,
1208 1100 1371 1183 Plautum,

185 1220 374 1284 Lucretium
389 1221 489 1283 etiam
505 1215 699 1281 Ciceronem
710 1211 956 1300 Vergiliumque
979 1237 1036 1280 eas
1053 1212 1244 1280 adhibuisse
1258 1222 1372 1278 notum

184 1341 235 1397 est
256 1330 309 1412 (cf.
332 1329 434 1413 Neue,
462 1325 695 1396 Formenlehre
718 1324 750 1390 1⁹
773 1327 838 1407 11).

187 1513 1371 1601 mmmmmmwmmmmnmmmmmm

285 1693 399 1758 Dativi
413 1691 448 1755 in
461 1701 493 1754 -e
509 1698 641 1756 exstare
653 1688 806 1753 videntur
818 1708 939 1772 eosque
955 1685 1203 1751 Fleckeisenius
1218 1686 1369 1768 restituit,

183 1806 335 1890 quamvis
359 1805 394 1867 in
417 1799 588 1867 codicibus
610 1801 751 1885 vestigia
773 1822 840 1865 non
863 1801 1045 1885 supersint:
1321 1801 1323 1806 ’

184 1913 289 1979 Andr.
305 1911 385 1978 296:
405 1909 508 1978 ‘bona
523 1915 637 1978 nostra
654 1912 737 1977 haec
753 1912 813 1977 tibi
828 1913 980 1998 permitto
997 1921 1030 1978 et
1045 1920 1121 1977 tuae
1136 1911 1257 1977 mandb
1283 1907 1367 1994 fids,

182 2027 266 2090 Eun.
291 2024 371 2089 886:
390 2022 465 2109 ‘ego
489 2028 542 2092 me
564 2035 640 2091 tuae
664 2026 857 2091 commendo
882 2033 914 2089 et
938 2025 1106 2090 committb
1129 2020 1215 2108 fide',

189 2137 268 2204 ibid.
291 2135 375 2202 898:
392 2134 551 2223 ‘recipere
566 2137 731 2224 posthac?
754 2136 821 2203 Cirr
842 2136 931 2202 non?
955 2134 1061 2203 Crede
1083 2136 1146 2202 boc
1170 2138 1262 2202 meae
1284 2131 1367 2202 fide?

286 2247 482 2315 Genetivum
515 2251 562 2315 ita
596 2251 748 2317 exaravit
780 2248 991 2314 Haut.1002
1027 2248 1091 2330 (ed.
1125 2248 1234 2313 Berol.
1271 2247 1367 2328 1872)

181 2359 377 2446 Wagnerus‚
400 2370 437 2425 ut
464 2360 611 2427 ordinem
635 2385 700 2448 quo
729 2361 858 2448 singula
878 2360 982 2426 verba
1003 2360 1083 2425 inA
1107 2382 1179 2426 sese
1202 2361 1371 2445 excipiunt

181 2481 341 2538 servaret:
352 2468 442 2539 ‘eum
457 2472 536 2538 mihi
551 2475 758 2559 precatorem
774 2496 872 2559 paro:
889 2475 959 2539 seni
974 2474 1087 2538 nostro
1103 2471 1168 2537 fide
1183 2471 1231 2537 nil
1243 2467 1369 2554 bdbeo',

181 2584 241 2650 sed
254 2608 334 2650 num
344 2607 375 2649 -c
386 2584 496 2650 littera
508 2587 628 2670 corripi
639 2587 782 2671 potuerit
792 2585 889 2651 valde
902 2583 1026 2664 dubito,
1044 2585 1278 2672 quamobrem
1295 2605 1370 2650 cum

180 2696 330 2761 Bentleio
354 2705 387 2762 et
407 2695 634 2762 Fleckeisenio
654 2694 713 2762 ‘nil
734 2697 812 2763 fidei
849 2699 887 2780 (s.
910 2698 988 2780 fide)
1020 2694 1134 2763 babeo'
1161 2697 1370 2764 scribendum

180 2817 239 2873 est.
265 2807 348 2873 Sunt
371 2809 427 2894 qui
450 2809 549 2874 etiam
571 2809 655 2874 Eun.
680 2806 742 2874 801
774 2811 935 2876 scribant:
968 2807 1102 2876 ‘faciam
1125 2821 1161 2876 ut
1183 2810 1279 2875 huius
1303 2808 1369 2875 loci

179 2921 297 3006 dieque
320 2921 449 3005 meique
473 2943 602 3005 semper
623 2919 829 3008 memineris',
854 2945 1053 3010 quamquam
1069 2922 1222 3008 equidem
1243 2921 1366 2988 homoi-

179 3040 345 3107 oteleuton
374 3041 512 3126 figruam
536 3025 679 3128 ‘dieique
700 3026 836 3130 meique'
870 3043 1043 3110 delendam
1075 3065 1143 3110 non
1172 3045 1365 3130 putaverim.

179 3153 273 3218 Idem
303 3176 418 3219 versus
454 3153 575 3239 legitur
603 3154 710 3221 Plaut.
748 3153 845 3242 Capt.
880 3155 945 3220 800
981 3154 1091 3223 verbis
1119 3152 1198 3220 ‘loci
1228 3153 1364 3240 dieique'

179 3266 398 3349 transpositis.

284 3373 333 3438 Ac
357 3378 507 3461 quamvis
536 3376 677 3444 fortasse
698 3377 860 3444 lubricum
881 3379 1032 3447 videatur
1055 3383 1176 3448 certius
1200 3382 1279 3470 quid
1302 3391 1366 3446 sta-

177 3495 278 3569 tuere,
303 3508 378 3552 cum
393 3509 458 3553 non
477 3487 581 3554 solum
597 3490 740 3574 codices,
763 3514 962 3579 quamquam
984 3494 1045 3560 hos'
1060 3493 1150 3560 nulla
1164 3517 1237 3561 esse
1253 3503 1365 3560 aucto-

179 3598 277 3663 ritate
293 3597 444 3684 exemplo
468 3599 614 3685 perbello
639 3602 750 3673 docuit
763 3603 984 3670 Buechelcrus
1002 3605 1035 3687 (l.
1060 3628 1088 3671 c.
1111 3629 1144 3692 p.
1168 3605 1235 3689 67),
1251 3629 1366 3673 verum

179 3710 277 3775 etiam
301 3719 446 3775 veterum
462 3713 649 3779 testimonia
665 3713 864 3781 Terentiana
877 3717 957 3783 nihil
971 3717 1015 3782 ad
1035 3741 1104 3784 rem
1120 3716 1365 3786 diiudicandum

179 3821 406 3906 suppeditent,
441 3831 551 3890 tamen
588 3847 664 3890 cum
701 3849 729 3890 e.
763 3851 793 3914 g.
833 3831 983 3896 omnibus
1017 3829 1098 3896 locis
1135 3867 1179 3876 -
1216 3835 1363 3918 exceptis

178 3934 293 4015 paucis
323 3933 387 3999 illis
411 3934 528 4020 quibus
562 3941 657 4003 metri
690 3943 886 4008 necessitate
909 3954 1044 4008 coactus
1067 3945 1101 4007 in
1123 3942 1188 4008 fine
1210 3966 1364 4010 versuum

178 4042 393 4110 iambicorum
425 4043 494 4111 ‘rei'
535 4048 643 4116 dicere
675 4062 775 4140 poeta
813 4053 956 4120 debebat
995 4092 1031 4101 -
1072 4058 1115 4121 sit
1151 4059 1363 4144 pronuntian-

182 4159 259 4226 dum
281 4145 339 4248 rei,
364 4149 444 4250 spel,
469 4165 558 4233 haud
573 4170 734 4238 absonum
749 4184 800 4240 est
821 4178 855 4240 in
870 4175 1008 4242 vocibus
1024 4177 1262 4264 monosyllabis
1287 4182 1360 4245 sim·

178 4272 255 4356 plici
288 4273 398 4341 littera
420 4275 498 4360 cm)
530 4283 587 4347 uti.
631 4282 732 4369 Apud
754 4286 909 4354 Plautum
938 4297 1026 4353 certe
1048 4292 1168 4372 partim
1192 4289 1362 4372 codicibus

177 4407 382 4420 *Q—

281 4464 311 4528 ¹²)
329 4463 417 4516 Aliter
434 4469 567 4520 indicavit
583 4470 752 4523 Ritsehelius
770 4475 849 4540 proll.
867 4492 893 4541 p.
911 4477 967 4531 XC.
