3360 5188
219 629 289 718 [pro
311 625 548 714 ‘demereris']),
580 625 775 714 159n‘intui',
812 626 874 693 207
904 625 1034 711 ‘itiner',
1068 639 1167 714 atque
1189 630 1329 694 Titinius
1365 625 1404 692 17

212 739 429 831 ‘perbiteres',
459 742 502 806 33
519 738 643 823 ‘fuam’,
672 739 714 804 59
732 737 841 824 ‘ibus’,
865 740 907 806 65
925 737 1015 823 ‘ted',
1051 740 1091 806 78
1125 740 1181 806 inf.
1205 736 1332 822 ‘biber',
1364 738 1404 803 97

213 853 389 939 ‘saciatur',
407 849 625 936 lOb‘nevult',
644 855 747 919 simm.
766 853 985 939 suppeditant.
1003 850 1090 933 Quid
1106 852 1195 938 quod
1209 855 1244 918 in
1257 851 1404 936 Afranio,

219 971 274 1057 qui
297 979 374 1055 post
396 967 586 1033 Terentium
620 967 761 1052 scripsit,
796 966 877 1031 talia
910 965 1091 1051 reperimus
1119 964 1229 1050 qualia
1264 974 1339 1030 sunt
1361 962 1405 1030 50

214 1075 392 1168 ‘partisset'
420 1077 496 1165 (319
526 1075 758 1167 int-‘ordirer
789 1076 829 1140 77
854 1101 926 1163 gen.
946 1073 1053 1163 ‘quie',
1084 1077 1126 1142 83
1150 1074 1402 1158 ‘fortunassint⁷,

219 1191 294 1270 (264
313 1187 557 1273 ‘mactassint'),
583 1189 645 1254 193
663 1187 797 1276 ‘puere'·,
821 1186 883 1254 201
896 1187 962 1255 ‘ms
978 1185 1192 1272 adiutamini',
1216 1189 1278 1253 227
1297 1187 1403 1254 ‘scici-

218 1301 332 1386 distis',
356 1300 420 1367 230
443 1325 515 1388 gen.
545 1298 643 1388 ‘ipsi’,
675 1300 739 1365 246
768 1298 879 1387 ‘frigit'
919 1299 994 1383 (269
1025 1297 1167 1385 ‘servitu
1202 1299 1266 1366 280
1295 1297 1403 1382 ‘fuas'‚

220 1414 281 1481 325
303 1413 470 1501 gen..‘toti
493 1411 670 1480 familiae'?

320 1581 437 1646 Nonne
461 1581 543 1646 haec
566 1578 718 1664 exempla
741 1603 761 1643 a
783 1581 1006 1663 grammaticis
1022 1577 1117 1643 nobis
1134 1577 1255 1643 tradita
1274 1580 1403 1664 egregie

218 1693 442 1761 demonstrant
475 1713 536 1757 nos
570 1694 639 1756 iure
661 1693 851 1756 Terentium
878 1693 911 1756 in
947 1713 1096 1755 sermone
1127 1690 1270 1777 quodam
1303 1691 1402 1757 modo

217 1827 378 1872 novarum
400 1825 509 1870 rerum
530 1804 632 1869 fuisse
649 1803 833 1869 studiosum
857 1827 956 1888 supra
979 1826 1051 1868 esse
1074 1805 1275 1889 suspicatos:
1295 1803 1403 1868 stude-

219 1915 278 1982 bat
300 1918 384 1983 enim
421 1916 475 1982 ille
516 1916 707 1982 comoediae
746 1938 929 1982 sermonem
968 1916 1010 1980 ad
1044 1939 1118 1981 eam
1152 1915 1403 1981 accommodare

219 2027 448 2113 urbanitatem,
478 2051 543 2115 qua
577 2027 772 2094 nobilissimi
806 2028 949 2093 civitatis
979 2026 1172 2114 quibuscum
1193 2025 1404 2092 'familiariter

218 2142 302 2207 vixit
333 2140 517 2208 utebantur.
562 2139 659 2206 Unde
693 2139 782 2205 haud
811 2139 879 2206 scio
915 2163 957 2205 an
988 2139 1221 2225 explicandum
1251 2142 1293 2204 sit
1315 2140 1403 2225 quod

215 2253 376 2340 quasdam
413 2252 513 2318 habet
546 2252 718 2318 Terentius
755 2251 888 2334 formas,
927 2274 1009 2338 quas
1036 2252 1157 2316 frustra
1190 2273 1330 2338 quaeras
1367 2254 1401 2316 in

98 2397 103 2408 ·
216 2362 336 2430 fabulis
359 2365 520 2430 Plautinis
543 2386 648 2451 neque
671 2364 771 2428 ceteri
799 2365 917 2428 comici
941 2361 1130 2428 adhibuisse
1153 2361 1314 2428 videntur.
1349 2363 1402 2428 An

216 2499 306 2543 mero
331 2479 424 2542 casui
446 2485 593 2563 praestat
615 2475 793 2541 attribuere
809 2476 899 2563 quod
915 2484 1014 2561 pocta
1030 2484 1122 2540 tanto
1147 2497 1244 2561 opere
1268 2475 1402 2540 adamat

215 2588 357 2653 formam
375 2583 562 2670 ‘necessus',
587 2609 652 2674 qua
667 2587 703 2651 P.
721 2587 908 2672 Scipionem
929 2608 1060 2673 quoque
1083 2588 1117 2650 in
1134 2588 1281 2652 oratione
1304 2609 1400 2652 usum

216 2721 291 2764 esse
312 2698 397 2764 forte
419 2699 551 2764 fortuna
573 2698 718 2763 seimus?
740 2697 802 2764 Vel
826 2699 853 2763 si
876 2697 1029 2763 Plautum
1045 2709 1238 2785 ceterosque
1254 2702 1399 2764 comicos

219 2819 406 2876 constanter
438 2820 546 2896 genet.
582 2811 664 2895 sing.
699 2811 748 2876 IV
777 2810 859 2876 decl.
894 2811 928 2874 in
961 2811 985 2874 -i
1019 2810 1208 2877 adhibuisse
1241 2811 1401 2895 videmus,

217 2921 391 2988 Terentius
413 2933 523 2988 autem
547 2923 669 2988 formas
693 2924 727 2986 in
751 2922 814 2987 -uis
837 2942 966 3008 quoque
989 2922 1099 3006 habet,
1122 2946 1231 2988 nonne
1257 2924 1401 3009 quodam

215 3034 313 3099 modo
349 3038 530 3121 praeivisse
564 3036 693 3101 videtur
726 3035 910 3101 doctrinam
948 3057 1069 3117 eorum,
1109 3037 1164 3119 qui
1192 3031 1274 3100 ‘non
1308 3035 1402 3101 aliter

219 3147 338 3212 elocuti
361 3171 432 3213 esse
466 3157 499 3213 et
528 3145 706 3234 scripsisse'
743 3147 918 3213 dicuntur?
956 3146 1052 3213 Certe
1086 3156 1222 3232 utraque
1250 3145 1359 3212 forma
1381 3170 1401 3211 a

215 3260 414 3325 comicorum
442 3261 552 3338 (etiam
582 3261 813 3345 posteriorum)
847 3281 996 3323 sermone
1019 3280 1153 3344 prorsus
1182 3267 1253 3324 erat
1276 3258 1400 3324 aliena:

216 3392 297 3456 quas
321 3392 379 3436 eur
400 3380 511 3436 tamen
534 3371 715 3454 admiserit,
746 3370 836 3436 haud
858 3370 991 3435 difficile
1023 3380 1073 3436 est
1101 3370 1191 3436 dictu
1221 3371 1261 3436 de
1291 3381 1398 3456 poeta,

216 3484 271 3568 qui
292 3504 358 3547 non
375 3491 444 3547 tam
460 3481 582 3567 populo
601 3483 732 3568 scripsit
754 3505 852 3568 quam
868 3480 1055 3547 hominibus
1070 3481 1244 3566 nobilibus,
1261 3504 1400 3568 quorum

218 3603 358 3680 captans
383 3593 578 3679 applausum
600 3594 671 3679 ipse
695 3594 736 3659 de
759 3617 793 3658 se
817 3594 897 3659 dicit
919 3592 983 3659 Ad.
1006 3594 1088 3679 prol.
1114 3594 1170 3659 18:

294 3729 383 3798 ‘eam
406 3731 538 3797 laudern
560 3730 612 3797 hic
637 3732 728 3798 ducit
750 3735 947 3815 maxumam,
972 3755 1072 3819 quom
1094 3732 1158 3798 illis
1181 3729 1310 3819 plaeet'.

213 3869 323 3948 Quam
346 3870 388 3935 ob
411 3893 480 3936 rem
502 3881 551 3937 tot
574 3873 667 3937 annis
691 3880 766 3956 post
787 3870 841 3936 vel
857 3869 1032 3936 Cicerones
1048 3882 1081 3936 et
1097 3870 1256 3936 Caesares
1279 3873 1400 3940 lectum

190 3990 312 4067 'atque
350 3981 534 4067 elegantem
562 3984 693 4048 Terenti
729 4005 911 4048 sermonem
948 3981 1102 4069 laudibus
1139 3982 1297 4049 extulisse
1334 4009 1400 4051 non

212 4096 378 4158 miramur.
403 4095 514 4176 Quid?
536 4096 654 4161 Nonne
676 4118 760 4160 unus
784 4118 827 4160 ex
850 4096 957 4160 atavis
981 4095 1102 4159 nostris
1131 4097 1201 4160 iure
1232 4099 1401 4164 contendit

212 4205 345 4270 Terenti
361 4228 543 4273 sermonem
558 4208 661 4273 multo
679 4207 866 4273 similiorem
882 4229 954 4272 esse
970 4203 1139 4272 Ciceronis
1155 4230 1253 4294 quam
1269 4209 1400 4276 Plauti?

211 4317 381 4402 Nimirum,
395 4320 422 4383 si
439 4323 608 4406 exceperis
621 4322 743 4386 formas
755 4315 869 4407 ‘ipsus'
887 4327 920 4384 et
931 4318 1076 4384 futurum
1094 4318 1145 4386 lV
1156 4322 1396 4406 coniugationis

212 4428 245 4491 in
269 4424 372 4513 ‘-ib0'‚
410 4439 570 4516 quotquot
591 4431 692 4498 habet
714 4433 836 4498 formas
870 4439 1017 4498 vetustas
1046 4429 1228 4517 Terentius,
1264 4433 1399 4498 eaedem
