3360 5188
801 513 1014 576 ..34-

310 706 370 772 891
392 701 543 771 ‘vocaris'
569 703 706 790 praebet
728 704 926 769 adversante
949 712 1061 788 aperta
1076 711 1179 767 metro
1202 701 1277 766 loco
1301 701 1418 786 priore.
1435 702 1496 766 Re-

310 827 399 884 stant
421 826 530 883 autem
553 818 654 881 Haut.
687 813 758 898 701,
790 816 844 901 qui
872 838 986 880 versus
1009 817 1041 880 in
1071 814 1154 880 libro
1171 813 1331 880 Bembino
1361 817 1408 878 sic
1430 824 1497 880 tra·

313 930 399 996 ditus
424 939 490 995 est:

350 1039 443 1128 ‘quid
460 1041 589 1106 dicam?
607 1063 704 1125 quam
722 1062 857 1104 causam
873 1038 1045 1104 adferam?
1069 1038 1157 1120 Quin
1173 1039 1248 1104 nolo
1264 1034 1450 1121 mentiaris',
1481 1109 1482 1112 Ἴ

309 1155 365 1220 ubi
395 1154 494 1218 ceteri
523 1152 598 1217 libri
627 1161 765 1237 excepto
789 1151 843 1215 D²
878 1159 910 1215 et
937 1151 1125 1215 testimonia
1155 1150 1278 1215 habent
1303 1147 1495 1234 ‘mentiare',

309 1278 342 1332 et
363 1265 447 1331 Heo.
478 1265 558 1329 317:

348 1376 421 1464 ‘pro
445 1377 601 1464 Iuppiter,
626 1375 803 1439 clamdrem
827 1374 950 1439 audivi.
980 1375 1064 1439 Tute
1087 1373 1239 1458 loqueris,
1262 1377 1314 1440 md
1336 1370 1451 1458 vetas,

310 1513 373 1576 quo
412 1511 477 1553 uno
515 1487 587 1552 loco
627 1509 738 1552 omnes
775 1485 906 1550 codices
944 1486 1082 1552 sormam
1112 1485 1291 1570 pleniorem
1329 1485 1494 1551 exhibent.

310 1601 419 1687 Atque
441 1601 475 1664 in
504 1601 612 1685 priore
642 1597 773 1684 quidem
801 1620 899 1662 versu
927 1607 1066 1682 excepto
1090 1597 1352 1683 Umpfenbaohio
1384 1621 1495 1663 omnes

311 1714 400 1801 quod
423 1714 527 1778 sciam
542 1710 683 1776 editores
700 1710 883 1775 breviorem
897 1710 989 1774 verbi
1005 1709 1145 1774 formam
1161 1721 1388 1795 exaraverunt,
1406 1711 1495 1797 quod

310 1827 387 1912 quin
414 1835 504 1890 recte
533 1823 670 1888 fecerint
693 1820 836 1887 dubitari
864 1823 985 1907 nequit,
1010 1842 1085 1885 cum
1114 1824 1212 1886 etiam
1235 1823 1318 1886 Eun.
1350 1821 1434 1886 1020
1463 1832 1497 1887 et

309 1939 409 2002 Haut.
444 1934 505 2001 691
543 1937 576 2000 in
611 1935 675 2000 fine
709 1934 842 2000 iambici
877 1934 1052 2019 septenarii
1085 1933 1200 1999 eadem
1233 1935 1339 2000 forma
1377 1942 1493 2001 exstet.

308 2049 422 2135 Neque
463 2047 575 2112 dubito
609 2048 687 2132 quin
723 2045 809 2111 idem
848 2046 888 2112 de
932 2045 1033 2111 altero
1072 2068 1201 2132 quoque
1233 2047 1307 2112 loco
1352 2050 1395 2114 sit
1433 2058 1497 2114 sta·

309 2160 475 2228 tuendum.
512 2158 639 2240 Quodsi
661 2158 827 2224 Daiatzko
850 2158 874 2224 l.
898 2181 925 2222 c.
962 2167 1096 2244 propter
1128 2160 1288 2224 rationem
1325 2161 1496 2225 metricam

310 2273 450 2339 formam
471 2270 650 2357 pleniorem
678 2269 901 2336 commendari
924 2269 1078 2352 affirmat,
1101 2269 1241 2336 libenter
1264 2271 1395 2356 quidem
1418 2294 1494 2337 con·

310 2386 457 2452 cedimus
479 2386 513 2448 in
535 2382 592 2449 illa
614 2405 730 2449 versus
752 2383 885 2448 iambici
910 2384 1069 2448 octonarii
1082 2382 1160 2448 sede
1178 2383 1339 2469 syllabam
1362 2383 1494 2468 longam

310 2498 441 2583 saepius
469 2497 607 2561 invenIri
639 2496 728 2581 apud
758 2497 956 2579 Terentium,
988 2496 1046 2560 sed
1073 2496 1206 2561 minime
1235 2496 1353 2561 desunt
1380 2520 1496 2562 versus

310 2609 425 2676 eodem
452 2611 563 2693 utique
592 2608 691 2673 modo
714 2607 856 2691 formati,
881 2629 944 2694 quo
969 2607 1023 2672 ille
1047 2608 1087 2673 dc
1118 2630 1181 2694 quo
1206 2611 1346 2692 agimus.
1393 2609 1495 2674 Plane

310 2731 420 2788 autem
444 2720 558 2785 similis
582 2728 632 2785 est
654 2719 802 2786 clausula
824 2743 938 2786 versus
962 2721 1066 2786 Plaut.
1089 2721 1189 2786 Poen
1214 2720 1274 2785 851
1302 2721 1450 2807 (Gepplz

348 2830 438 2898 ‘nam
459 2842 645 2898 nostrorum
667 2836 762 2898 nemo
787 2831 927 2916 dignust.
951 2832 1077 2918 Lepide
1091 2833 1236 2919 loquere.
1261 2835 1314 2898 Μό
1337 2830 1449 2916 decet,

309 2945 365 3010 ubi
388 2943 512 3009 nullam
533 2945 681 3009 enotavit
704 2941 891 3027 Goppertus
914 2943 1066 3008 codicum
1089 2944 1351 3030 discrepantiam.
1397 2944 1492 3023 Quae

310 3078 385 3122 cum
407 3057 453 3120 ita
477 3057 551 3139 sint,
575 3057 672 3120 etiam
695 3055 777 3120 Heo.
801 3054 863 3118 317
889 3054 1095 3120 scribendum
1120 3051 1354 3140 esse‘loquere'
1372 3055 1492 3118 Teren·

311 3169 455 3252 tiumque
477 3189 641 3253 nusquam
663 3166 803 3231 formam
826 3165 1005 3252 pleniorem
1035 3167 1224 3233 adhibuisse
1253 3166 1491 3232 contendimus.

310 3279 443 3345 Nullam
465 3280 564 3363 igitur
586 3278 655 3343 veri
679 3277 820 3363 speciem
849 3300 876 3343 e.
901 3301 931 3362 g.
960 3277 1061 3344 habet
1082 3280 1221 3344 Kraussi
1244 3279 1427 3344 emendatio
1450 3277 1496 3341 ad

310 3393 375 3458 Ad.
400 3390 459 3455 191
501 3392 597 3474 (Mus.
631 3390 735 3456 Rhen.
758 3390 841 3454 VIII
876 3386 962 3473 558),
1001 3412 1099 3474 quam
1129 3389 1324 3476 Spengelius
1360 3389 1496 3474 dignam

310 3504 425 3570 habuit
447 3526 545 3589 quam
568 3511 839 3568 commemoraret
861 3502 895 3566 in
918 3503 1117 3588 appendice:

354 3614 462 3682 ‘minis
485 3615 599 3698 viginti
615 3624 651 3679 tu
668 3614 759 3680 sslam
782 3613 913 3679 emisti?
935 3614 1105 3700 Loqueris.
1129 3615 1204 3679 Tibi
1220 3617 1329 3680 vortdt
1351 3610 1444 3680 male'

309 3727 365 3793 ubi
384 3723 549 3814 ‘loqueris'
574 3726 628 3790 ille
650 3727 740 3792 haud
760 3727 960 3811 insagaciter
983 3727 1113 3811 scripsit
1137 3749 1196 3812 pro
1213 3749 1252 3792 eo
1271 3726 1359 3812 quod
1382 3734 1431 3792 est
1461 3726 1495 3789 in

310 3839 425 3903 codice
446 3837 607 3903 Bembino
625 3833 675 3902 ‘id
697 3858 780 3921 quae
801 3833 874 3902 res’.

412 3949 524 4016 Etiam
547 3949 699 4014 Plautum
721 3947 844 4014 formas
868 3948 981 4033 plenas
1004 3971 1079 4014 raro
1110 3948 1301 4014 adhibuisse
1323 3946 1498 4013 adnotavit

309 4061 441 4126 Brixius
471 4061 515 4126 ad
544 4061 634 4125 Trin.
665 4060 748 4145 prol.
778 4061 794 4123 1
827 4070 859 4125 et
887 4063 920 4126 in
952 4060 1092 4146 append.
1128 4060 1172 4125 ad
1201 4059 1291 4126 Trin.
1322 4058 1384 4123 789
1412 4059 1496 4124 haec

310 4172 446 4238 adiecit:
468 4169 546 4237 ‘Die
569 4173 669 4238 Form
700 4172 860 4238 arbitrare
887 4173 945 4236 hat
966 4171 1101 4237 Plautus
1131 4194 1218 4237 neun
1241 4171 1320 4256 Mal,
1352 4195 1395 4236 an
1426 4170 1496 4236 drei

311 4281 435 4350 Stellen
459 4281 1037 4368 101111011101111111111011110111,
1061 4305 1111 4348 wo
1136 4306 1170 4349 er
1195 4284 1281 4350 doch
1304 4292 1397 4348 sonst
1412 4303 1496 4366 gern

310 4399 382 4462 cine
397 4395 513 4480 L'ange
529 4395 700 4482 anbringt3
717 4397 803 4463 auoh
815 4395 1018 4462 anderwttrts
1034 4395 1109 4460 sind
1124 4397 1269 4461 Formen
1283 4397 1345 4460 wie
1360 4395 1497 4459 mereris

312 4507 415 4587 (Trio.
440 4505 817 4594 659),]0querisMe1-e.
847 4508 951 4591 1113,
976 4503 1027 4591 20,
1056 4507 1191 4573 fatearis
1221 4507 1290 4572 Mil.
1320 4505 1353 4570 lI
1383 4505 1413 4590 3,
1443 4504 1497 4588 64,
